2768 5010
174 355 233 415 lli
522 379 750 423 srsromanrs
775 381 838 423 eru.
865 381 896 423 rr
926 372 970 427 tit.

172 534 257 603 petua
281 545 353 604 pace
373 529 430 589 troi
453 531 535 597 lieet,
561 531 678 608 egregia
703 532 796 598 laura,
826 533 851 591 si
873 531 1022 591 llomanos
1046 531 1251 610 obpresseris,
1275 534 1321 593 tn·

172 637 235 708 leura
266 638 319 688 est.
351 631 438 690 bisi
470 632 569 692 hostes
603 635 742 708 oportuni
771 639 800 691 et
828 632 1054 702 scelestissumi,
1091 651 1188 714 neque
1217 641 1322 712 petere

172 730 294 790 audeaut
319 734 486 793 societatem
515 742 543 793 rt
570 718 677 793 bostra
706 729 784 794 irrala'
810 727 874 794 mea
904 729 971 795 rrrru
1001 729 1086 795 briiris
1115 729 1174 795 tuis
1200 727 1320 797 misceri

172 849 299 910 sperem.
344 836 438 914 Atque
458 855 508 903 ea,
530 854 605 914 qrrae
629 843 656 894 te
680 839 788 896 irrorari
811 855 897 913 posse
922 836 1070 903 ridentur,
1101 838 1144 896 ira
1166 838 1196 897 in
1218 837 1353 914 Tigra-3

150 952 240 999 snem
263 938 390 996 receutis
412 937 480 998 belli
508 944 536 997 et
559 956 641 998 meae
670 956 717 997 res
739 956 843 1015 parum
871 955 1047 1016 prosperae,
1072 939 1096 997 si
1120 956 1188 999 rera
1212 940 1322 999 existu-

172 1055 253 1097 mare
290 1038 382 1106 voles,
419 1057 555 1099 rnaxrnne
585 1038 793 1099 hortabuntur.
844 1038 895 1098 llle
922 1041 1000 1099 euim
1029 1039 1176 1100 obnoxius
1204 1039 1352 1119 qualemt

172 1147 203 1199 tu
228 1138 306 1202 rerles
333 1142 502 1200 societatem
534 1142 671 1218 arripiet:
697 1141 768 1200 mihi
795 1140 927 1205 tortuua.
956 1139 1055 1201 multis
1079 1139 1171 1200 rebus
1200 1143 1321 1220 ereptis.

171 1259 258 1302 usum
282 1241 362 1301 dedit
384 1241 460 1302 bene
483 1242 641 1302 suadendi:
666 1248 708 1308 et,
733 1241 811 1320 quotl
836 1242 1010 1304 linientibus
1025 1240 1156 1320 optabile
1179 1249 1241 1312 est,
1267 1261 1321 1321 ego

173 1361 232 1402 uon
255 1342 461 1403 validissumus
483 1343 612 1420 praebeo
636 1343 819 1421 exemplum,
842 1362 900 1422 epm
924 1345 1033 1404 rectius
1054 1350 1104 1403 tua
1127 1360 1290 1421 conponas

140 1470 164 1508 ro
234 1469 235 1472 ¹
259 1444 392 1522 Namque
414 1444 554 1504 Romanis
576 1464 643 1505 eum
668 1444 835 1505 nationibus
857 1445 973 1522 portulis
991 1445 1111 1522 regibus
1129 1446 1246 1505 cunctis
1265 1461 1353 1511 unat

173 1552 203 1606 et
225 1565 257 1606 ea
282 1551 364 1607 retus
385 1564 487 1606 caussa
511 1545 639 1607 bellandi
663 1552 721 1616 est,
746 1546 854 1624 cupido
876 1546 1023 1624 protunda
1046 1547 1141 1624 toperi
1160 1552 1191 1606 et
1210 1546 1321 1608 divitia-

173 1665 249 1707 rum.
293 1648 358 1719 Oua
375 1649 470 1724 prium
486 1667 553 1710 cum
570 1665 641 1726 rege
661 1647 853 1709 Macedonum
873 1647 1009 1726 Philippo
1025 1646 1137 1708 bellum
1156 1664 1322 1725 sumpsere,

173 1749 243 1811 dum
271 1766 287 1808 a
317 1748 605 1826 Carthaginiensibus
638 1749 849 1828 premebantur
879 1747 1243 1812 amicitiamsimulantes.
1290 1748 1353 1809 litt

173 1850 396 1912 subvenientem
423 1851 598 1912 Antiochum
628 1853 819 1911 concessione
847 1851 931 1910 Asiae
959 1868 1012 1928 per
1041 1849 1141 1911 dolum
1168 1859 1320 1919 avortere,

139 1970 208 2018 uae
228 1972 296 2014 mox
320 1952 567 2034 tracto,‚Plrtlippo
582 1953 745 2014 Antiochus
767 1953 847 2012 omrri
869 1953 910 2012 eis
924 1951 1056 2013 Taurum
1079 1969 1152 2031 agro
1174 1959 1204 2013 et
1218 1951 1321 2014 decem

172 2054 291 2116 milibus
313 2054 490 2117 talentorum
516 2053 657 2136 spoliatus
680 2064 733 2115 est.
779 2054 889 2115 Persen
913 2054 1035 2122 deiude,
1069 2052 1196 2132 Philippi
1218 2053 1351 2119 tilium:

173 2163 240 2235 post
262 2157 353 2219 multa
383 2164 412 2217 et
438 2159 514 2218 varia
539 2157 700 2217 certamina
730 2155 808 2235 apud
831 2154 1039 2216 Samothracas
1067 2155 1139 2216 deos
1164 2162 1320 2235 acceptum

173 2259 326 2328 insulem,
352 2258 446 2319 callidi
478 2267 506 2318 et
534 2264 703 2335 repertores
730 2258 886 2335 perfidiae,
917 2259 984 2336 quia
1015 2264 1100 2335 paeto
1122 2258 1209 2318 eitam
1231 2257 1321 2318 dete·

174 2366 249 2429 rant,
266 2362 418 2421 insomniis
434 2359 579 2420 occidere.
615 2358 787 2428 Eumenem,
808 2359 891 2420 mim
909 2359 1065 2420 arnieitiarn
1078 2356 1207 2436 gloriose
1223 2365 1321 2419 osten·
1338 2375 1353 2421 s

173 2512 304 2567 Kritztes:
323 2504 388 2573 'ribi
406 2516 540 2578 perpetua
558 2528 629 2577 poce
648 2512 702 2561 lrui
715 2511 829 2572 liceret,
849 2511 902 2561 uisi
920 2538 953 2546 -
971 2509 1183 2571 scelestissum13
1207 2511 1323 2576 egregia

174 2582 312 2631 -fntura
332 2586 383 2630 est.
424 2581 518 2644 Neque
538 2607 567 2614 —
588 2595 704 2644 sperem.
734 2578 876 2630 Linleerns:
900 2578 962 2628 Tibi
982 2581 1006 2628 si
1030 2580 1164 2644 perpetua
1187 2603 1220 2614 —
1245 2577 1321 2631 lieet.

174 2649 227 2699 nisi
248 2676 277 2683 -
296 2647 503 2708 scelestissumi,
524 2648 637 2712 egregio
657 2648 742 2706 foma,
761 2647 785 2696 si
798 2646 884 2697 Roma
896 2663 946 2696 nos
959 2646 1136 2712 oppresserit,
1157 2646 1250 2696 futura
1270 2654 1321 2696 est.

174 2731 262 2780 neque
282 2742 314 2750 -
332 2731 448 2780 sperem.
486 2716 560 2764 Attes
578 2717 691 2765 rationes
715 2717 795 2764 iniere
819 2714 862 2764 Ta.
883 2714 998 2764 Monmes.
1018 2715 1078 2764 Aet.
1098 2729 1153 2779 rep.
1172 2728 1227 2765 aar.
1246 2713 1322 2779 Lips.

178 2784 239 2832 lssl
256 2800 284 2846 p.
307 2782 352 2833 153
371 2789 395 2832 et
415 2784 509 2846 llttztp.
531 2783 597 2831 ltus.
618 2783 696 2832 Ilien.
716 2784 740 2831 X
759 2781 774 2832 3
791 2799 818 2846 p.
837 2781 896 2831 467.
926 2782 1033 2842 (latorum
1051 2784 1161 2831 virorem
1178 2784 1322 2830 sententiae

171 2853 292 2916 proferto
312 2868 361 2899 nen
378 2854 471 2913 atienae
486 2851 576 2912 fuere,
595 2867 659 2915 qnae
678 2851 710 2899 eb
729 2850 863 2899 Gerteeteio
881 2866 929 2914 per
947 2850 1147 2913 obiurpetionem
1165 2854 1191 2899 et
1208 2851 1323 2900 convicte

175 2923 342 2968 miserentem.
380 2919 442 2967 Nom
461 2921 523 2967 ittuet
539 2922 679 2967 terrulenter
697 2920 902 2967 demorrstruuerc
920 2918 997 2967 rerba
1020 2922 1057 2966 ite
1072 2933 1200 2981 peremne
1218 2923 1244 2966 et
1258 2933 1322 2981 per·

174 2987 277 3036 turbate
295 3002 364 3039 esse.
389 2993 414 3034 nt
437 2988 486 3034 nist
506 2988 658 3049 scriptorem
682 2993 724 3033 out
748 2985 929 3035 obscenissume
953 2987 1039 3034 etteere
1062 2987 1170 3035 volaticae
1189 2991 1235 3033 eret
1251 2991 1322 3035 reete

175 3059 243 3121 toqui
261 3071 310 3103 non
327 3057 440 3118 politicae
458 3069 570 3108 censeas.
588 3056 659 3115 ferri
676 3071 725 3103 nun
742 3056 849 3117 possint.
883 3053 948 3102 ⁴tlibi
964 3055 1012 3103 hae
1031 3055 1145 3102 rationes
1158 3069 1235 3103 cerae
1253 3057 1323 3103 atrae

172 3129 239 3183 sunt,
277 3123 334 3170 Cum
352 3124 518 3186 apertissimae
540 3125 655 3184 scriptor
678 3129 712 3171 aet
729 3137 783 3170 eom
802 3127 971 3186 qreeresttonem
995 3137 1068 3187 queen
1085 3121 1159 3171 motta
1175 3123 1322 3184 properent.

173 3192 278 3240 satisne
296 3217 328 3223 -
345 3190 503 3239 iruleeorum
515 3190 564 3248 sit,
582 3191 738 3253 respondent
752 3188 822 3250 (nom
839 3190 875 3238 eet
887 3194 1002 3253 priorem
1014 3189 1135 3238 liceretne
1150 3193 1207 3236 tum
1224 3203 1321 3254 pacem

174 3275 257 3323 ogere
267 3257 339 3316 infru
347 3259 519 3322 respondetur
528 3273 580 3321 ego
588 3258 745 3321 -praebeo
757 3257 908 3320 exemplum
919 3271 971 3320 quo
982 3257 1086 3306 rectius
1097 3260 1144 3305 tna
1154 3253 1323 3320 conponas).

174 3332 261 3376 tntum
280 3342 335 3375 esse
354 3327 441 3375 bellum
459 3327 578 3389 adparet,
597 3341 651 3373 eum
668 3341 698 3373 eo
716 3325 833 3386 eureserto
844 3330 973 3388 perpetue
983 3341 1040 3388 pem
1049 3324 1140 3385 future
1151 3327 1184 3373 sit
1197 3328 1224 3373 et
1236 3323 1323 3372 hostes

173 3397 293 3458 oportuni
304 3390 353 3443 'sint
367 3398 382 3442 t.
399 3410 420 3442 e.
433 3394 458 3440 in
469 3408 531 3458 qnos
542 3393 620 3454 [nette
631 3395 797 3455 inpetusfierr'
806 3394 888 3455 possit
904 3389 953 3453 (tte
966 3394 1000 3441 ed
1013 3392 1151 3440 ineruditam
1164 3406 1233 3440 urunt
1248 3406 1322 3441 noee-

173 3462 224 3512 lmti
240 3480 288 3511 nou
307 3462 501 3525 consopiendam
518 3461 577 3520 est),
597 3460 679 3524 pium,
699 3476 751 3508 eum
769 3461 854 3509 hostes
872 3461 974 3509 scelesti
988 3465 1141 3524 puntentur,
1160 3458 1319 3522 gloriosum.

173 3535 197 3579 st
213 3533 320 3580 victorin
344 3530 432 3578 nobttr's
456 3529 527 3591 apud
547 3535 625 3576 curnis
646 3534 734 3591 pentes
755 3528 845 3588 sertrero
867 3531 908 3576 stt.
945 3526 1001 3575 Iam
1017 3529 1179 3592 perspicerem
1196 3533 1248 3583 est,
1273 3529 1323 3575 teti

174 3605 297 3647 notionem
316 3601 351 3645 net
368 3604 499 3661 atrumque
518 3597 592 3644 atiena
611 3597 717 3659 netirmpt
729 3611 822 3658 posse:
838 3597 941 3656 premas
959 3596 1123 3644 eunmeneteri
1140 3595 1209 3659 quod
1224 3598 1321 3659 ptarr'c-

173 3683 224 3714 smn
242 3671 282 3719 sit.
301 3670 323 3713 si
336 3666 407 3713 simut
418 3670 502 3721 tutrem,
522 3671 628 3727 itemque
647 3664 715 3728 qnod
730 3669 797 3726 pterea
808 3668 849 3713 stt.
864 3679 942 3728 neque
955 3663 1095 3725 obscedere
1104 3668 1200 3725 potest,
1218 3665 1242 3712 ei
1255 3661 1320 3711 Sntt.

174 3751 226 3782 runs
249 3750 307 3782 rere
331 3735 366 3782 uel
388 3737 494 3780 atterum
518 3737 687 3797 perorationem
711 3730 878 3794 respondent,
903 3738 985 3779 temen
998 3737 1075 3791 ¹terte
1099 3732 1173 3778 etiam
1198 3731 1268 3795 quaet
1284 3732 1323 3778 eet

170 3803 285 3865 priorem
302 3803 431 3865 pertineat
449 3801 530 3857 dieat,
555 3800 706 3862 praesertim
729 3814 781 3847 eum
805 3799 870 3846 idem
893 3801 925 3847 ete
949 3802 1033 3847 attere
1056 3799 1201 3846 necessario
1223 3799 1319 3846 emeat.

175 3868 253 3920 Recte
276 3871 353 3931 ipitur
374 3870 493 3933 procedit
512 3870 596 3916 centio
614 3868 661 3916 hoe
678 3867 765 3916 niodo:
789 3873 865 3914 tetum
889 3872 914 3914 et
935 3871 1071 3931 ptortoeum
1094 3865 1180 3914 bettum
1198 3880 1255 3914 ease
1273 3865 1322 3915 erle·

175 3942 308 4001 rnrrfimnu:
328 3940 376 3986 nist
393 3937 480 3985 tretium
495 3939 563 3998 pium
581 3941 606 3983 et
623 3934 695 3982 simiel
711 3941 787 3982 tratrem
805 3940 847 3994 sit,
867 3935 928 3982 nihil
945 3934 990 3982 ebs
1008 3941 1032 3981 te
1048 3940 1139 3997 petere
1153 3935 1258 3982 crederem
1272 3949 1320 3983 ner

174 4021 282 4069 sperem.
319 4007 395 4064 Qrenm
413 4005 575 4054 oberrarem
594 4002 880 4063 iuthitocusfeetttume
905 4009 929 4050 et
953 4003 988 4051 eet
1009 4003 1157 4050 sententiam
1180 4001 1319 4063 aptissime

175 4076 307 4122 emendari
322 4075 388 4122 niem
405 4079 444 4120 est
462 4073 546 4121 (teleto
565 4071 588 4119 si
599 4078 623 4119 et
637 4074 801 4133 transpositis
813 4070 894 4117 uerbis
912 4071 966 4118 uisi
980 4097 1010 4104 -
1024 4068 1232 4117 scelestissumi.
1272 4069 1317 4117 se·

175 4148 254 4191 terum
267 4141 465 4190 scelestissumi
483 4137 516 4191 it.
545 4137 760 4187 sceleratissumi
775 4139 844 4185 (hrt.
862 4163 894 4170 -
912 4136 936 4185 3,
952 4153 1013 4186 enm
1024 4136 1104 4185 bonis
1115 4136 1170 4184 tuis
1183 4133 1216 4188 il.
1257 4151 1319 4185 cum

175 4209 229 4258 tuis
246 4209 325 4259 bonis
345 4209 414 4256 t'ort.
434 4234 464 4242 -
483 4208 508 4254 4.
528 4213 610 4270 atque
630 4206 696 4255 tibrt.
726 4205 802 4268 utoni
823 4207 891 4253 t.¹ort.
915 4231 949 4240 -
972 4205 996 4251 :s
1016 4220 1106 4253 rerum
1124 4203 1191 4252 libri.
1222 4218 1320 4268 parum

177 4277 347 4326 ltrr'tnnm'eur.
370 4304 398 4310 --
418 4275 442 4322 tl.
463 4290 587 4323 rrrexume
607 4273 639 4326 il.
658 4299 692 4309 -
719 4272 756 4320 la.
777 4273 838 4332 Qun
857 4272 922 4321 libri.
955 4272 1026 4332 Quin
1045 4272 1130 4320 Kritz.
1183 4271 1272 4335 primo
1285 4269 1318 4324 tl.

177 4345 289 4407 primum
304 4345 373 4394 t'ort.
386 4370 413 4378 —
441 4343 478 4391 ra.
494 4340 753 4406 elrartngiueusihus
766 4339 798 4392 lli.
852 4337 1110 4404 praemonuerit.
1126 4365 1158 4373 -
1175 4337 1213 4386 lb.
1228 4339 1320 4387 tracto

177 4413 208 4464 tt.
245 4416 334 4461 traete
354 4413 423 4463 Cori.
439 4438 469 4446 -
490 4410 529 4459 m.
549 4409 676 4460 occidere
696 4424 757 4458 eum
776 4408 814 4456 eb'
835 4408 912 4456 ruins
927 4408 963 4477 fil.
