2768 5010
397 413 702 461 couunnrurronnu
724 413 797 458 cun.
820 415 862 459 rr.
1163 393 1204 459 85

99 566 160 626 risos
175 586 216 627 non
233 572 465 646 concoquentibns
486 572 629 636 adiectum,
649 591 683 630 an
702 590 735 630 er
756 572 867 630 duobus
883 578 1047 646 eorrrnptum
1063 569 1106 626 sit.
1138 569 1203 627 b'arn

98 688 144 745 pu
160 673 249 730 senibil
264 673 364 738 obstat.
386 692 441 749 qua
456 674 545 732 minus
566 675 713 738 lletellurn,
732 682 877 750 postquam
900 673 1006 730 moenia
1027 671 1096 729 vallo
1117 672 1224 729 lossn·¹

98 789 145 847 que
161 774 320 840 circumuenit.
343 777 450 835 duobus
471 795 526 835 non
551 777 676 853 pluribus
704 776 785 835 simul
813 775 881 833 loeis
909 793 1015 849 murum
1043 775 1203 848 adgressum

97 891 150 930 esse
164 884 300 935 statuamus.
340 878 387 936 Set
405 894 466 937 eum
487 897 556 953 qrrae
580 880 651 936 inira
671 879 803 953 leguntur
823 894 937 933 murum
959 879 1096 935 arietibus
1114 876 1205 948 [eriri

96 975 154 1032 satis
166 980 287 1055 perspicue
302 981 449 1038 ostendant
463 981 555 1038 miultis
569 980 687 1056 undique
704 979 772 1038 locis
789 981 926 1038 Romanos
944 997 1051 1035 murum
1070 978 1201 1035 subruere

95 1086 189 1135 conatu
202 1099 263 1145 esse,
287 1083 343 1140 reri
364 1081 540 1140 simillumum
563 1083 677 1146 videtur,
700 1084 810 1140 duobus
834 1101 866 1139 nr
887 1082 963 1138 iubet
984 1080 1018 1137 ab
1041 1079 1080 1135 eis
1101 1079 1201 1136 lactum
1260 1137 1265 1149 ,

94 1196 154 1240 esse.
170 1183 205 1256 qui
224 1184 248 1240 id
270 1185 380 1242 verbum
399 1193 495 1242 eontra
517 1185 740 1243 consuetudinem
764 1184 868 1241 dicendi
898 1191 925 1239 et
947 1182 987 1238 rei
1016 1190 1139 1237 naturam
1162 1178 1202 1236 di·

94 1289 156 1337 ewra
169 1282 359 1343 intellexissent.
400 1289 435 1343 nt
458 1295 516 1343 tum
537 1288 564 1343 in
583 1288 709 1344 omnibus
724 1287 801 1342 libris
818 1294 972 1359 sequuntur
986 1284 1082 1340 baeee:
1103 1285 1202 1339 vineas

93 1398 280 1457 superponens
301 1405 434 1462 aggerem
455 1391 565 1457 iacere,
589 1390 616 1445 in
639 1389 737 1463 quibus
758 1403 903 1460 superque
925 1403 976 1444 eas
997 1385 1066 1442 male
1087 1384 1200 1442 inlatum

92 1500 143 1540 esse
160 1504 240 1546 onnes
260 1498 371 1548 nostrae
397 1493 495 1550 aetatis
514 1492 634 1549 editores
656 1491 781 1547 arbitrati
807 1498 871 1546 sunt
897 1498 1007 1564 praeter
1026 1476 1200 1560 llerzogiumi

92 1586 132 1659 qui
148 1606 196 1647 mm
211 1607 298 1664 super
317 1591 403 1650 locale
432 1594 552 1668 ineptum
574 1611 634 1650 esse
654 1593 847 1655 intellexisset,
871 1609 922 1666 pro
948 1597 1069 1663 praeter
1098 1589 1200 1645 ‹lietum

92 1691 186 1760 putarit.
208 1692 275 1751 eonl.
298 1695 359 1752 Tae.
382 1695 416 1752 ab
441 1713 497 1753 ere.
521 1695 547 1751 d.
568 1697 598 1751 Α.
617 1695 649 1751 lll
666 1702 701 1757 63
727 1697 858 1753 consedes
884 1709 974 1766 super
997 1707 1048 1749 eus
1072 1693 1201 1748 ciuitates

92 1804 151 1860 quot
164 1797 320 1864 memorari,
347 1804 418 1870 aput
439 1798 614 1871 Pergamum
635 1799 802 1870 Aesculapii
825 1802 993 1868 conpertum
1020 1796 1131 1867 asylum
1153 1809 1199 1849 re-

92 1892 200 1966 tulerunt,
219 1899 246 1955 id
267 1899 342 1974 qnod
363 1900 474 1974 probari
493 1900 596 1974 nequit,
620 1900 748 1973 quoniam
765 1900 788 1955 is
803 1917 868 1955 usus
884 1896 1096 1972 praepositionis
1110 1910 1201 1967 super

92 1998 243 2063 posteriorum
262 2008 369 2058 tantum
390 2004 556 2076 scriptorum
580 2010 607 2057 et
629 2006 770 2076 poetarum
794 2001 898 2057 videtur
920 1999 1018 2060 luisse.
1041 1998 1112 2072 apud
1135 1995 1199 2052 Sall.

91 2103 148 2152 uro
163 2101 260 2159 nullum
282 2102 434 2179 exemplum
458 2112 515 2166 est,
543 2103 684 2178 multoque
706 2103 793 2177 magis
813 2103 885 2177 quod
913 2118 946 2158 eo
964 2099 1056 2156 addito
1078 2097 1198 2155 narratio

92 2192 189 2269 hugum
207 2222 238 2260 ae
259 2205 352 2279 putida
381 2206 467 2263 lieret.
512 2205 578 2262 'lum
599 2213 626 2262 et
646 2224 707 2263 eum
728 2205 756 2260 in
775 2199 807 2262 1³¹
840 2211 953 2278 optumo
981 2201 1052 2257 libro
1078 2199 1149 2256 desit
1171 2207 1200 2255 et

92 2302 159 2358 oratio
177 2306 311 2380 tripartita
334 2315 445 2382 optume
466 2308 546 2365 huius
571 2308 624 2365 loei
643 2307 730 2365 colori
749 2305 906 2367 conueniat.
937 2303 1116 2360 omittendum
1137 2301 1197 2357 orit.

91 2396 179 2464 brata
193 2408 403 2483 conprobareris
426 2410 492 2483 qrrin
511 2425 653 2483 aggerem,
674 2409 746 2482 quod
764 2407 897 2465 Liulrerus
916 2406 994 2463 uncis
1016 2404 1139 2466 inclusit
1157 2421 1199 2459 re-

92 2499 201 2565 turmam
218 2510 254 2566 sit
276 2511 365 2567 mirans
386 2511 537 2573 dubitabis.
565 2511 727 2587 praesertim
750 2528 811 2568 cum
833 2527 920 2583 neque
949 2509 976 2564 iu
998 2507 1133 2564 sententia
1152 2523 1199 2565 ne·

91 2608 166 2674 tutin
185 2609 261 2668 bbris
283 2612 428 2686 ‹pmdquam
447 2613 491 2676 sit.
510 2614 583 2687 qnod
605 2621 762 2687 suspectum
780 2612 884 2668 reddat.

153 2710 210 2768 inm
232 2721 286 2770 tam
304 2729 386 2788 saepe
400 2714 517 2771 Liulrero
534 2715 678 2772 oblocutus
695 2715 754 2776 sim,
778 2721 808 2770 ut
828 2731 913 2789 paeue
932 2729 1034 2774 verear,
1055 2729 1088 2767 ue
1106 2711 1197 2767 studio

90 2810 178 2877 summ
198 2816 256 2871 eius
280 2817 429 2873 sententias
452 2817 602 2891 inpugnare
632 2817 736 2877 videar,
764 2816 869 2890 gaudeo
888 2815 961 2889 qrrod
982 2814 1047 2870 mibi
1076 2832 1136 2870 curn
1164 2830 1197 2869 en

89 2916 186 2971 meruit
211 2917 268 2991 lug.
293 2923 344 2981 77.
367 2924 384 2977 2
410 2919 485 2974 Nam
507 2919 652 2990 Leptitani
682 2920 739 2974 iam
764 2920 830 2974 inde
860 2934 878 2972 a
899 2919 1044 2989 principio
1065 2917 1130 2973 beili
1147 2915 1197 2971 lu·

88 3014 188 3079 ittibiui
206 3021 246 3076 ad
266 3020 395 3076 Bestiam
417 3023 561 3077 consulem
582 3027 609 3077 et
624 3026 729 3092 postea
745 3020 866 3076 Romam
888 3022 1026 3076 miserant
1044 3021 1198 3075 amicitiam

87 3117 276 3196 saeuamque
290 3129 422 3195 ropatrrm
438 3122 596 3181 vocabulum
615 3123 782 3196 Iugurthini
797 3140 828 3178 ox
842 3120 935 3196 glossa
949 3122 1067 3179 linxisse.
1101 3120 1198 3188 Orrarn·

88 3229 148 3284 quan
163 3225 229 3279 enim
253 3224 281 3280 iu
303 3222 383 3281 libris
403 3242 482 3282 manu
506 3226 616 3300 scriptis
641 3243 696 3280 nou
728 3232 800 3281 tauta
819 3225 934 3280 varietas
956 3232 1012 3287 est.
1042 3232 1072 3280 ut
1093 3224 1198 3298 glosse-

87 3319 278 3399 ttrtisnuspieio
300 3344 399 3399 magno
427 3344 510 3401 opere
531 3327 722 3391 confirmetur,
753 3336 841 3384 tamen
867 3327 939 3400 rpuod
968 3326 1068 3384 bellum
1092 3327 1198 3384 intelle·

87 3421 179 3485 titium
207 3429 257 3491 sit,
287 3428 326 3484 ita
349 3429 493 3503 perspicue
515 3429 625 3485 relieuis
648 3428 828 3502 significatum
852 3438 908 3492 est,
932 3438 963 3484 ut
989 3430 1015 3485 id
1043 3429 1197 3503 glossatore

87 3522 157 3590 pretim
173 3547 250 3603 quarn
272 3530 409 3603 scriptore
428 3531 564 3605 superdua
588 3539 616 3587 et
637 3530 729 3604 putida
753 3532 875 3604 fugiente
896 3531 1007 3604 dignum
1032 3533 1076 3589 sit.

150 3628 198 3703 lug.
220 3637 307 3710 7921
336 3647 400 3687 enm
422 3647 482 3711 rem
511 3648 563 3688 nos
585 3635 665 3689 loeus
691 3635 838 3690 admonuit
864 3633 957 3688 (lartio
984 3635 1124 3691 arlsentr'nr
1147 3651 1199 3692 nos

85 3723 208 3789 minuam
222 3751 292 3795 esse,
312 3751 367 3789 uon
383 3751 438 3807 quo
454 3743 528 3792 reete
542 3735 644 3791 dietum
663 3740 722 3792 ess'e
738 3753 843 3809 negem,
861 3743 903 3792 set
922 3735 985 3810 quia
1001 3737 1115 3793 varietas
1132 3738 1198 3794 seri·

84 3834 320 3896 pltnelneuleuter
337 3853 369 3891 ex
389 3836 512 3909 margine
535 3845 581 3892 aut
600 3836 768 3894 interlineari
791 3836 881 3912 spatio
904 3838 931 3893 in
953 3838 1033 3894 rerba
1054 3840 1198 3914 scriptoris

83 3924 204 4004 ltmpsisse
220 3937 349 3994 ostendit.
379 3938 414 3994 lle
427 3953 490 3994 eam
505 3954 565 3994 rem
585 3956 656 3995 nune
667 3940 716 3995 eir.
731 3939 828 3997 llidler
840 3936 938 3995 Plrilol.
951 3939 984 3995 tx
1000 3959 1026 4015 p.
1046 3948 1095 4001 621
1111 3960 1136 3996 n.
1159 3949 1197 4002 16.

150 4035 201 4112 lug.
219 4046 262 4101 85.
289 4048 322 4098 to
342 4039 481 4096 bominem
502 4043 605 4099 veteris
621 4044 779 4114 prosapiae
805 4059 840 4099 ao
870 4043 1026 4098 multarum
1045 4045 1199 4116 imapirram

79 4137 101 4186 et
119 4139 212 4196 nultius
235 4143 362 4213 stipendi
388 4160 452 4201 sane
480 4151 636 4218 suspectum
664 4153 706 4200 est
733 4161 782 4212 ac,
807 4144 934 4218 quoniam
961 4138 1029 4219 {33²
1059 4146 1197 4208 omittunt,

80 4230 153 4295 i²l¹³b
169 4249 219 4298 aut
240 4243 377 4300 exhibent.
424 4246 458 4301 alt
486 4246 636 4320 asyndeton
662 4246 728 4303 lerri
747 4247 789 4301 vin
810 4254 917 4321 potest,
947 4246 1072 4321 quoniam
1100 4247 1199 4322 priori·

78 4336 122 4393 lus·
144 4344 246 4401 duabus
274 4346 387 4402 tertium
415 4349 582 4405 eorrtrarium
608 4355 636 4405 et
664 4351 771 4405 nullius
798 4351 922 4422 stipendi
948 4348 1113 4421 adiungitur.
1162 4351 1201 4406 ile

72 4440 251 4524 tabentque
268 4448 296 4503 in
307 4465 367 4508 eam
384 4448 541 4528 opinionem
554 4451 712 4516 adducatur,
728 4460 758 4508 ut
774 4453 878 4510 ueteris
887 4453 1048 4525 prosapiae
1063 4449 1200 4528 glossema
