2768 5010
173 357 231 422 rut
481 379 705 425 rnsroarssvu
728 358 790 422 ara.
813 382 846 424 ιν
868 371 990 428 to-aa

255 532 295 593 40
321 529 386 613 [llr.
409 519 451 590 tit.
480 535 509 591 G.
533 530 590 613 24].
642 532 673 593 ln
702 535 767 613 quis
797 534 976 593 uotissumus
1004 535 1127 612 quisque
1155 540 1206 594 aut
1233 532 1311 593 malo

169 633 339 715 dependens
362 633 590 703 verberabatur,
614 642 664 695 aul
685 634 849 696 inmutilato
870 653 996 713 corpore
1022 637 1049 695 in
1072 653 1160 714 prora
1179 635 1310 713 patibulo

169 738 306 799 eminenti
329 736 521 815 adfigebatnr.
966 733 971 743 '

252 856 321 905 Nou
333 872 359 920 p.
368 854 431 906 atu:
446 855 585 905 Patibulum
598 863 721 906 esterna.
747 855 881 906 Sallustius
887 857 1061 906 Historiarum
1073 856 1116 905 lib.
1128 855 1198 905 1111:
1211 855 1310 920 inquis

168 924 449 988 notissimusqnisque
460 928 488 972 ot
500 923 571 973 rnalo
582 923 735 987 deperdens
747 924 955 983 verberabatur,
974 928 1022 974 aut
1031 923 1186 974 inmutilato
1197 939 1308 989 corpure

167 991 283 1057 improbi
297 991 420 1056 patibulo
434 991 556 1055 eminens
570 991 744 1055 affigebatur.
776 992 872 1041 l'riora
885 991 970 1041 rerba
988 991 1052 1055 quin
1066 997 1140 1040 recte
1153 991 1309 1040 iamdudum

168 1060 316 1110 emendata
333 1061 397 1117 sint,
417 1059 537 1108 dubitari
555 1059 663 1123 nequit:
684 1065 712 1107 at
726 1059 753 1108 in
766 1060 963 1124 posterioribus
976 1059 1089 1123 primum
1107 1061 1246 1108 iarnutilato
1259 1059 1309 1107 dii-

167 1126 240 1177 lieile
260 1133 310 1182 est.
330 1143 384 1176 non
403 1142 454 1190 quo
473 1125 507 1175 de
526 1127 662 1191 scriptura
681 1127 875 1191 ambigendum
894 1127 1028 1185 rideatur,
1051 1141 1215 1191 qumquam
1234 1127 1308 1176 Ursi-

166 1210 217 1245 nus
235 1199 342 1245 mulcato
361 1195 488 1252 coniecit,
507 1199 551 1243 set
569 1194 634 1258 qnia
652 1194 815 1244 vocabulum
835 1196 906 1259 apud
924 1193 1027 1243 nullum
1047 1193 1129 1243 alinm
1149 1194 1310 1258 scriptorem

167 1263 309 1314 invenitur
326 1263 380 1311 nisi
399 1263 426 1311 iu
451 1262 511 1312 cod.
530 1262 666 1316 Theodos.
685 1262 723 1311 lv
741 1263 788 1322 ⁶2⁶2,
810 1260 832 1312 l.
868 1261 982 1312 Scilicet
1005 1262 1056 1312 riri
1080 1261 1153 1311 docti
1176 1260 1309 1320 nonnulli,

166 1335 198 1379 ut
213 1330 367 1381 Freundiua
385 1331 453 1380 Lex.
473 1346 494 1379 s.
515 1346 556 1387 v„
576 1344 627 1393 «μιν
647 1330 734 1379 maior
752 1335 827 1380 esset
845 1331 995 1395 piratarum
1014 1329 1177 1389 erudelitas,
1203 1330 1237 1378 de
1257 1344 1310 1393 qua

167 1398 221 1448 diei
240 1398 425 1448 manufestum
443 1403 494 1458 est,
513 1397 677 1449 vocabulum
694 1402 803 1448 mritituti
819 1397 944 1449 hocloco
958 1396 1086 1462 praelixa
1104 1398 1309 1461 praepositione

166 1472 193 1515 ta
211 1471 321 1516 suetam
339 1465 477 1515 notionem
503 1465 654 1530 exprimere
678 1472 825 1530 putavere:
850 1480 931 1530 quam
954 1465 1121 1516 sententiam
1145 1480 1197 1529 quo
1222 1465 1310 1515 miuus

167 1533 365 1598 comprobemus
383 1539 412 1582 et
430 1533 534 1583 codicis
552 1532 737 1583 'l'beotlosiani
755 1532 831 1584 locus
849 1535 951 1589 obstat,
970 1539 998 1583 et
1015 1548 1060 1581 res
1077 1533 1149 1597 ipsa,
1169 1547 1231 1582 curn
1248 1549 1310 1596 gra·

155 1600 226 1659 ⁴rior
244 1602 383 1651 eruciatus
401 1601 439 1649 sit
457 1616 565 1661 eorum,
590 1601 636 1665 qui
659 1601 759 1664 integri
778 1599 856 1652 eruci
872 1599 1041 1665 adfiguntur.
1066 1615 1145 1664 quam
1165 1600 1212 1664 qui
1230 1600 1308 1649 muti-

166 1668 217 1718 lati
235 1685 284 1733 par
308 1673 383 1717 artus
407 1668 525 1718 celerius
549 1669 683 1733 expirant.
726 1668 793 1719 Cum
819 1675 911 1719 autem
929 1669 997 1718 Noni
1017 1668 1080 1719 libri
1102 1667 1214 1732 improbi
1236 1667 1310 1717 exhi·

166 1736 260 1795 beant,
279 1737 375 1786 variae
395 1737 482 1787 initae
505 1743 569 1786 sunt
591 1737 664 1787 viae.
702 1737 812 1802 Lipsius
836 1743 893 1786 ant.
913 1737 976 1786 leet.
997 1737 1022 1786 11
1042 1738 1058 1785 l
1076 1740 1102 1786 ta
1117 1738 1209 1799 proris
1228 1736 1310 1797 coni,

117 1842 121 1853 .
165 1805 312 1855 Putsebius
334 1805 360 1853 iu
381 1805 475 1868 pappi,
501 1802 614 1854 Colerus
638 1805 763 1868 improbe,
792 1805 901 1855 eonius
924 1804 1052 1869 improbo,
1081 1805 1123 1853 ita
1145 1803 1310 1868 interpreta-

165 1877 210 1923 tus
233 1878 263 1922 ut
285 1871 428 1937 inprobum
453 1872 591 1922 diceretur
614 1888 676 1937 pro:
701 1872 735 1922 ει]
758 1873 896 1937 subplicia
919 1872 1107 1937 inproborum,
1133 1871 1177 1920 eui
1200 1876 1310 1921 seuten-

165 1940 224 1992 tlaa
243 1939 427 2004 adstipulatus
445 1946 487 1989 est
505 1940 635 1989 Kritzius.
671 1941 765 2004 Neque
784 1940 886 1989 intitior
903 1940 1023 2004 aliquam
1036 1938 1244 1989 similitudinem
1261 1937 1309 1987 ha-

166 2008 231 2059 bere
250 2023 285 2058 ea
303 2007 430 2072 exempla
448 2007 553 2058 latinae
572 2007 718 2067 dictionis,
743 2008 777 2057 de
801 2008 898 2072 quibus
917 2008 975 2072 egit
993 2005 1188 2072 Naegelsbach
1208 2006 1309 2056 Theor.

166 2075 192 2126 d.
211 2075 229 2125 l.
250 2075 290 2126 St.
310 2093 336 2141 p.
355 2074 389 2125 ⁰2
407 2090 462 2140 sq„
487 2081 517 2125 st
534 2092 569 2126 ea
586 2076 679 2127 omnis
697 2091 751 2125 non
770 2076 901 2140 ambigua
918 2081 982 2125 suut
999 2089 1090 2138 neque
1109 2073 1192 2123 aliam
1211 2073 1309 2123 admit·

166 2148 227 2194 tunt
245 2143 471 2208 explicationem,
491 2144 622 2207 inprobum
631 2143 769 2207 patibulum
782 2143 897 2192 obscure
911 2143 1013 2193 dictum
1031 2147 1115 2202 esset,
1134 2141 1200 2205 qnia
1221 2141 1311 2204 quiris

165 2212 194 2260 id
211 2213 252 2260 ita
271 2212 425 2276 acciperet,
450 2216 480 2259 ut
497 2211 660 2275 inprobitatis
685 2211 891 2260 instrumentum
916 2215 1035 2275 putaret.
1078 2209 1126 2258 Set
1144 2209 1201 2257 nisi
1219 2207 1309 2266 fallor,

166 2278 312 2329 Sallustius
325 2295 379 2329 non
392 2279 481 2342 potuit
493 2295 547 2327 non
560 2279 647 2328 locum
660 2278 827 2345 significare,
846 2278 892 2327 ubi
906 2292 1002 2327 eruces
1019 2277 1047 2325 in
1061 2276 1180 2340 navigiis
1198 2281 1310 2326 erectae

166 2347 291 2397 tumuerat.
328 2348 389 2408 Qua
406 2362 435 2395 re
454 2361 514 2395 cnm
533 2345 681 2396 Gerlacbio
700 2346 787 2411 Lipsii
812 2345 1029 2395 emendationem
1054 2343 1183 2409 probavi,
1209 2344 1309 2408 quippe

166 2430 235 2479 quae
250 2431 377 2479 proxume
392 2414 425 2463 ad
438 2413 568 2465 librorum
581 2413 744 2478 scripturam
764 2413 921 2471 adcederet,
940 2419 983 2462 set
1001 2411 1168 2477 singularem
1187 2411 1309 2462 seribere

166 2482 250 2532 malui
270 2489 380 2547 propter
398 2496 590 2546 praegressum
608 2485 681 2531 mulo.
719 2482 859 2530 Postremo
877 2485 998 2536 erniaeas,
1023 2495 1071 2544 pro
1096 2494 1147 2542 quo
1166 2479 1194 2527 in
1212 2479 1230 2527 b
1248 2481 1307 2528 enri-

165 2550 359 2614 suscriptum
378 2555 429 2607 est,
449 2548 514 2598 mihi
533 2549 680 2615 displicuit,
700 2563 760 2598 eum
779 2549 846 2598 mire
858 2549 961 2597 dietum
975 2553 1050 2597 esset
1067 2563 1115 2612 pro
1132 2547 1256 2608 sublimis,
1276 2562 1309 2596 ex

167 2617 223 2668 alto
242 2618 414 2681 conspicuus.
451 2617 543 2682 Ipsum
562 2616 650 2682 potius
669 2616 822 2682 patibulum
841 2616 961 2665 eminere
980 2615 1126 2665 dicendum
1144 2614 1206 2664 init.

251 2769 286 2828 ll
319 2769 378 2849 [llr.
395 2777 436 2826 ts,
461 2773 490 2826 G.
507 2768 547 2850 t].
593 2769 730 2829 Demissis
752 2775 866 2846 partein
891 2769 972 2847 quasi
992 2769 1107 2827 tertiam
1130 2767 1275 2827 antennis.

250 2887 328 2936 brus
348 2903 374 2952 p.
394 2885 443 2937 253
467 2903 527 2936 eum
552 2887 679 2937 leruruate
700 2894 803 2952 partem
825 2890 954 2936 uestraene.
992 2887 1163 2949 Quamquam
1186 2883 1254 2933 illud
1274 2885 1309 2934 ab

165 2953 257 3003 multis
269 2955 360 3003 nautis
373 2955 414 3004 sle
426 2955 532 3004 institui
546 2955 666 3019 potuisse
685 2968 740 3004 uon
752 2954 923 3004 infitiandum
937 2957 987 3013 eat,
1007 2958 1100 3003 tamen
1113 2967 1173 3002 enm
1187 2951 1257 3000 libro
1271 2952 1310 3000 IV

165 3022 200 3072 ds
217 3023 315 3087 piratis
334 3028 475 3072 narratum
494 3023 579 3072 luisse
599 3029 759 3086 conpertum
777 3022 944 3079 habeamus,
964 3026 993 3071 ut
1012 3020 1046 3070 ad
1066 3037 1113 3071 eos
1132 3020 1217 3069 verba
1236 3020 1309 3069 reie-

165 3106 256 3142 ramus
273 3090 480 3158 probabilitatis
498 3091 620 3141 rationes
639 3091 766 3141 ridentur
784 3089 934 3156 postulare.

250 3243 290 3305 tt
314 3245 373 3325 [lir.
394 3252 415 3302 t.
439 3243 539 3324 G.tt].
577 3244 767 3321 Aurisurnqne
790 3241 916 3303 atlsirleri
939 3243 1002 3302 siue
1025 3239 1144 3319 proeliis
1161 3239 1309 3299 audiebat.

176 3387 180 3395 ·
250 3364 335 3412 Prisc.
355 3362 424 3412 VIll
442 3378 467 3426 p.
481 3360 542 3412 435:
564 3361 682 3411 ‘obsideo'
701 3378 760 3411 uero
773 3369 798 3410 et
812 3362 930 3410 ‘malalee'
950 3365 1033 3409 actim
1050 3365 1115 3413 suat,
1132 3357 1230 3417 furiunt
1243 3362 1310 3405 euim

166 3431 301 3483 ‘obsideor'
320 3437 346 3480 et
365 3431 506 3487 ‘usadeor',
525 3431 591 3479 unde
604 3433 739 3480 Sallustius
758 3434 783 3478 ia
800 3430 855 3479 1111
873 3429 1050 3477 historiarum:
1068 3426 1242 3488 Amisumque
1264 3423 1311 3489 [sier

165 3517 200 3550 aa
219 3501 243 3549 Ii
261 3507 287 3548 et
307 3500 407 3548 Derisus
426 3500 457 3547 ci.
477 3504 547 3546 recte
565 3500 660 3555 emend.
681 3499 749 3563 quod
765 3497 874 3546 inlibris·
892 3498 1043 3545 reticuisset
1062 3489 1256 3555 amissumque]
1277 3519 1310 3526 —

166 3567 305 3617 audiebat.
343 3567 385 3615 lle
404 3565 495 3614 Amiso
514 3565 560 3614 diu
603 3581 633 3613 cr
650 3566 682 3613 1..
702 3564 810 3614 Luculli
834 3565 930 3627 copias
948 3561 1136 3612 obsessavirl.
1156 3560 1250 3608 llrunr.
1272 3560 1311 3608 lv

165 3652 190 3700 p.
214 3633 267 3683 135.
299 3634 421 3682 blomnrs.
447 3632 487 3682 111
505 3649 530 3696 p.
550 3581 630 3681 ‹fr-suet
647 3630 689 3681 56.
731 3633 790 3681 Nou
809 3632 921 3679 dubium
941 3636 983 3677 est
1009 3629 1073 3692 quin
1091 3627 1210 3676 ascribebat
1229 3627 1310 3676 rerbi

165 3703 319 3752 subiectum
338 3701 502 3766 cogitandus
520 3701 556 3749 ait
573 3700 755 3767 Mithridates
767 3699 811 3748 rel
831 3699 901 3747 alius
921 3699 1101 3747 Romanorum
1120 3695 1214 3744 hostia.

251 3855 290 3914 43
315 3854 375 3935 [tir.
393 3859 435 3911 69.
457 3856 486 3911 G.
504 3850 561 3931 75].
600 3853 672 3921 (liris
690 3851 881 3929 praedatores
898 3849 1011 3909 laribus
1033 3848 1087 3908 sibi
1103 3847 1311 3924 praelucentes

165 3956 314 4018 ambustas
336 3957 364 4015 in
387 3955 471 4014 tectis
492 3954 555 4013 sine
577 3971 648 4012 eitra
672 3950 861 4032 reliquerant.

250 4073 328 4123 brus.
348 4088 374 4137 p.
395 4071 445 4121 256
462 4087 484 4121 s.
504 4087 530 4120 v.
547 4074 699 4134 praeluceo.
722 4070 770 4120 ubi
788 4076 919 4132 conrupta
939 4068 1082 4119 scribitur:
1102 4070 1146 4135 qui
1159 4073 1309 4130 praeterea.

166 4143 268 4192 Locum
288 4145 362 4189 reete
383 4138 539 4188 emenrdarit
559 4144 587 4187 et
605 4136 775 4197 inlustravit,
796 4137 913 4187 conlutis
931 4135 1004 4185 Plut.
1026 4138 1092 4185 Luc.
1116 4135 1145 4185 lll
1162 4133 1255 4183 verbis
1275 4134 1310 4183 da

167 4217 249 4286 capta
273 4208 377 4256 Amiso:
403 4198 496 4255 πάντα
519 4199 574 4322 peip
599 4196 800 4268 ἐξερευνῶντες
822 4195 879 4255 ὑπὸ
904 4198 1064 4268 λαμπάδων
1086 4201 1136 4253 aul
1159 4200 1312 4264 πανταχοῦ

166 4292 226 4339 proc
246 4267 431 4339 ἐπιφέροντες
449 4266 519 4323 cairo
549 4266 720 4322 τὰπλεῖστα
745 4271 801 4321 τῶν
824 4265 989 4336 οἰκημάτων
1012 4272 1169 4327 καθεῖλον,
1194 4267 1309 4319 Linker.

167 4360 216 4392 eur.
237 4342 303 4391 Sall.
328 4358 353 4405 p.
374 4340 406 4390 32
425 4357 464 4404 sq.
490 4346 533 4389 set
554 4341 608 4389 iam
634 4345 719 4390 antea
743 4341 770 4388 in
795 4340 911 4389 candem
935 4339 1153 4388 emendationem
1171 4335 1312 4385 inciderat

165 4411 289 4474 Wagner
307 4409 337 4458 Α.
358 4424 384 4473 g.
402 4408 441 4457 lx
459 4424 485 4472 p.
508 4406 563 4456 198.
