2768 5010
492 382 717 452 nisnomaavn
740 377 803 427 tis.
827 380 853 427 11
874 370 919 432 st.
940 371 984 448 s&

249 537 289 594 57
314 535 373 615 [lir.
389 544 431 595 oo.
455 541 484 594 u.
501 535 559 616 ts]
603 534 766 594 *l‘'²''³‘²·'t¹³‘*
789 536 865 612 legio
888 536 997 596 llumcu
1021 536 1191 595 transdmta
1213 542 1306 614 rastra

164 635 299 696 dilatauit.

228 756 327 804 'Arrun
347 771 373 820 p.
392 755 442 805 '265
466 771 487 804 s.
513 772 538 805 v.
562 758 726 806 transductus
751 736 817 805 idam
840 772 901 805 rem.
938 758 993 805 Sul.
1019 757 1087 804 Hist.
1112 755 1147 803 11.
1181 754 1213 803 In
1237 753 1307 803 libro

91 882 92 886 Ἰ
165 822 244 881 (lud,
264 825 292 872 in
311 839 363 887 qino
376 824 446 873 baec
460 825 573 874 inventa
592 830 663 883 sunt,
683 830 748 874 autc
766 827 831 888 lopio
844 824 976 888 seriptum
990 828 1032 872 est
1045 824 1140 884 Porro,
1160 822 1231 886 quod
1246 837 1307 869 con-

164 897 271 954 ruptnm
290 906 350 940 esse
369 908 448 940 nemo
465 891 568 940 infitias
588 898 644 941 eat.
664 892 785 940 Kritzius
803 892 896 955 igitur,
918 906 977 939 cnm
997 892 1103 939 dilatori
1114 897 1202 940 rastro
1214 889 1307 937 dican·

163 962 208 1006 tur
226 974 296 1022 (lirae
316 959 526 1023 amplificantur,
548 959 730 1008 extenduntur
748 960 820 1021 (Liv.
840 958 941 1007 XXVII
960 958 1001 1018 to,
1019 958 1059 1020 2),
1075 962 1150 1006 reete
1169 957 1309 1020 perspexit

164 1025 215 1073 boc
234 1025 335 1074 dietum
355 1027 453 1075 fuisso:
482 1027 616 1090 ampliora
640 1018 720 1090 quam
744 1041 793 1090 pro
811 1041 923 1075 numero
942 1025 1057 1073 militnm
1077 1025 1111 1073 ab
1130 1023 1180 1072 illa
1199 1023 1308 1087 legione

164 1098 257 1141 eastra
270 1094 360 1157 posita
374 1110 444 1154 esse,
464 1109 515 1157 quo
528 1093 621 1142 hostes
640 1094 832 1157 deciperentur
852 1110 884 1142 ao
899 1093 1070 1142 fallerentur.
1102 1091 1149 1140 Set
1162 1091 1233 1155 quod
1246 1090 1308 1139 indo

165 1160 299 1221 coniecit,
324 1177 375 1225 qno
400 1166 466 1225 apta
489 1161 626 1226 obpositio
652 1159 823 1220 efficeretur,
847 1161 1021 1210 seribumlnm
1047 1175 1106 1208 esse
1128 1175 1212 1222 porca
1234 1162 1307 1222 lepte.

164 1228 263 1278 vellem
293 1229 319 1276 id
348 1228 479 1292 exemplis
509 1228 707 1277 confirmasset.
750 1230 835 1277 Perua
857 1244 943 1277 sununs
972 1227 1230 1292 frequentissnmnm
1257 1231 1306 1279 est.

162 1312 246 1360 paruo
263 1300 327 1360 leuto
348 1312 382 1344 an
401 1302 476 1344 recte
495 1296 604 1344 dicatur
621 1295 703 1345 valdo
722 1295 825 1345 dubito,
867 1298 914 1345 Sat
932 1295 1023 1360 plures
1047 1295 1125 1354 uiae,
1152 1293 1250 1357 qiribns
1275 1293 1308 1341 ad

165 1363 284 1426 aliquam
308 1364 366 1412 veri
389 1364 510 1427 speciem
533 1364 724 1427 perveniatur,
748 1363 866 1413 inveniri
889 1369 1010 1427 possunt,
1052 1362 1171 1411 Primum
1190 1361 1263 1409 enim
1282 1361 1308 1408 in

166 1437 298 1494 conrupto
317 1430 364 1480 illo
383 1432 467 1480 Pareo
486 1446 585 1479 nomen
604 1430 666 1489 loci,
686 1430 757 1478 unde
776 1431 850 1493 legio
863 1431 962 1478 llinrrcn
975 1428 1137 1478 transducta
1155 1429 1200 1486 sit,
1221 1427 1307 1476 latere

165 1502 264 1562 potest.
302 1499 361 1558 Quo
380 1498 477 1546 ductim
497 1497 659 1546 (torlaehius
679 1497 748 1559 (vid.
770 1499 811 1546 ed.
832 1499 868 1546 lV
887 1494 974 1562 praef,
995 1513 1022 1561 p,
1039 1496 1154 1545 XXXIV
1173 1495 1208 1553 a)
1228 1496 1308 1544 Porio

166 1565 286 1628 scripsit,
306 1565 431 1627 cogitans
450 1564 517 1613 bam
535 1565 615 1613 dubie
635 1565 668 1613 de
687 1566 778 1624 Pario,
798 1565 897 1629 oppido
910 1564 1016 1627 Mysiae
1036 1565 1108 1612 inter
1125 1564 1308 1627 Lampsacum

167 1637 195 1680 et
212 1632 374 1680 Adrasteam
399 1632 452 1680 sito
476 1632 542 1693 (cfr.
563 1633 662 1680 Strabo
680 1633 730 1681 Vll
754 1633 786 1681 tr.
806 1633 838 1681 st
859 1638 886 1680 et
904 1629 937 1680 58
959 1648 986 1696 p.
1005 1630 1052 1679 471
1079 1635 1107 1679 et
1125 1630 1157 1678 72
1179 1630 1264 1679 Mein.
1285 1630 1308 1678 X

166 1717 193 1764 p.
204 1698 253 1748 68l
264 1716 303 1763 sq.
320 1701 383 1748 Xlll
396 1716 421 1763 p.
432 1699 481 1746 stt
499 1704 526 1746 et
540 1698 590 1747 8⁶24
600 1699 680 1764 squ).
716 1700 794 1760 Qiiae
813 1700 972 1748 coniectura
990 1698 1029 1746 nti
1042 1714 1095 1747 uon
1108 1697 1309 1746 contemnenda

166 1768 206 1815 ita
225 1774 317 1815 tamen
335 1767 443 1815 incerta
462 1771 512 1826 est,
532 1767 658 1830 quoniam
677 1767 709 1816 dc
728 1767 800 1816 bello
818 1767 847 1815 in
865 1767 919 1814 illis
938 1766 1096 1830 regionibns
1113 1765 1245 1814 advorsus
1259 1765 1308 1813 Mi·

165 1835 315 1884 thritatem
335 1843 413 1898 gesto
431 1841 543 1899 praeter
560 1850 680 1899 pugnam
700 1834 771 1898 apud
791 1833 993 1901 Cb‘alcodonem
1013 1834 1117 1881 laetam
1130 1832 1216 1881 multa
1229 1847 1306 1881 enar-

166 1906 229 1951 rata
248 1902 331 1950 fnisse
356 1902 414 1951 veri
432 1901 649 1952 ‹lissimillnnmm
668 1909 718 1949 est.
754 1903 822 1951 Tum
846 1917 900 1950 non
923 1900 1003 1965 longe
1029 1900 1109 1949 abest
1130 1899 1250 1964 suspicio
1269 1898 1308 1947 la-

166 1975 224 2019 tsrc
244 1970 272 2017 in
289 1969 336 2018 illo
354 1969 488 2019 vocabulo
508 1970 726 2029 instrumentum,
747 1985 795 2034 per
814 1968 883 2033 ‹lriod
902 1968 976 2032 legio
995 1967 1155 2016 transducta
1167 1967 1211 2015 sit.
1242 1967 1309 2015 Pos-

166 2052 257 2086 sumus
276 2037 310 2086 dc
325 2043 404 2100 ponte
424 2038 558 2101 cogitare,
579 2036 623 2086 vel
642 2037 675 2085 de
692 2044 804 2100 pontone
823 2037 915 2099 (stass,
929 2036 955 2083 b.
971 2052 993 2084 e.
1008 2036 1047 2084 111
1060 2033 1101 2093 29,
1116 2032 1140 2095 3,
1162 2040 1309 2098 pontonium

168 2121 211 2169 ap.
231 2104 326 2154 Isidor.
346 2121 384 2154 or.
403 2105 467 2153 XlX
488 2104 509 2163 l,
528 2104 561 2151 nt
580 2121 606 2167 p.
626 2102 674 2153 584
694 2104 735 2153 ed.
756 2102 846 2166 Otto),
867 2103 963 2152 uelde
981 2118 1080 2165 parone
1099 2100 1172 2164 (laid.
1192 2101 1211 2150 l.
1231 2109 1255 2149 c.
1276 2100 1309 2148 ‘20

167 2188 193 2237 p.
212 2172 277 2235 583)
301 2171 459 2236 quidquod
479 2172 512 2221 de
530 2171 610 2220 dorca
628 2171 708 2233 (laid.
728 2171 746 2220 l.
768 2171 813 2231 o).
851 2171 898 2220 Set
917 2187 968 2234 ego
986 2170 1116 2218 iudicium
1135 2168 1308 2218 retinendum

167 2246 240 2303 puto,
260 2240 321 2288 dum
342 2239 400 2303 quis
419 2238 533 2288 meliora
552 2238 695 2288 im'oncrit.

253 2358 292 2419 58
316 2357 377 2438 [ΚΓ.
394 2365 436 2416 57.
460 2362 489 2414 u.
506 2356 564 2436 90].
599 2357 635 2416 rit
658 2355 706 2424 illi,
731 2355 838 2434 mribus
856 2357 932 2416 vires
953 2356 1083 2421 aderant,
1106 2373 1194 2415 ruere
1211 2357 1310 2415 carneti

167 2459 203 2517 ad
227 2465 335 2535 portas
356 2459 497 2517 inconditi
516 2457 645 2517 tetulero.

252 2576 342 2623 Locus
360 2575 546 2624 ‹lifticillumus
565 2590 697 2639 quemque
717 2575 770 2624 nisi
788 2590 860 2623 nova
879 2574 1003 2623 subsidia
1021 2574 1209 2638 reperiantur,
1233 2589 1308 2637 pror·

118 2638 121 2646 '
167 2657 212 2692 sits
232 2643 354 2707 expertiri
373 2659 452 2707 posse
472 2642 632 2706 desperem„
660 2642 774 2705 Legitur
787 2643 858 2705 apud
872 2642 995 2691 Servium
1016 2641 1051 2690 ad
1064 2641 1145 2705 Verg.
1160 2640 1219 2689 sel.
1239 2641 1308 2689 114:

168 2712 297 2759 incondita
319 2713 496 2772 [documenta
520 2711 600 2759 subito
625 2712 706 2766 diota,
732 2712 844 2773 suprestis
864 2706 913 2772 [arr
932 2705 1075 2772 aprestisl‘]
1099 2712 1138 2756 cel
1158 2710 1311 2756 insanientis

168 2781 237 2827 dictu
259 2777 336 2825 cerdo
361 2776 540 2842 [alterutrum
565 2777 709 2825 delendum
728 2780 852 2835 censeoJ.
899 2778 947 2825 Vel
963 2778 1111 2831 incondito,
1135 2779 1151 2824 ι’.
1176 2791 1198 2822 r.
1224 2778 1310 2824 biron-

166 2847 272 2907 aeriptu,
293 2851 318 2891 ut
337 2845 478 2893 Sallustius.
514 2846 572 2893 lam
592 2844 655 2893 libri
674 2859 707 2894 no
727 2846 755 2892 in
774 2844 852 2892 titulo
871 2844 980 2906 quidem
1000 2851 1027 2891 et
1044 2857 1156 2891 numero
1169 2842 1230 2890 libri
1245 2858 1310 2891 eon-

168 2913 304 2970 sentiunt3
330 2911 377 2959 alii
396 2913 468 2960 onim
487 2912 528 2961 nt.
548 2912 587 2971 ll,
609 2911 700 2960 (tirell.
721 2912 733 2959 1
752 2915 776 2959 iu
797 2911 861 2960 libro
882 2912 917 2968 V,
938 2910 1028 2959 (luels.
1048 2910 1074 2958 ll
1091 2911 1117 2958 in
1137 2911 1169 2958 t.
1189 2910 1240 2963 Vl.
1261 2911 1310 2958 alii

167 2981 192 3026 iu
211 2979 369 3042 Inpurtlu'uo.
406 2981 472 3028 (¹uiu
491 2981 555 3037 iam,
575 2979 645 3043 quod
665 2978 765 3027 ulturno
784 2978 843 3027 loco
857 2979 943 3041 posui,
963 2976 1061 3026 falsum
1081 2977 1116 3026 ait
1134 2977 1309 3025 noedubimu

169 3048 233 3110 qum
257 3062 289 3094 cx
314 3047 443 3095 Historiis
466 3047 570 3111 Vergili
596 3053 785 3095 commentator
814 3045 966 3109 exemptum
989 3045 1202 3109 deprompserit,
1230 3052 1309 3093 reete

168 3114 315 3162 l'utsebius
335 3131 366 3162 ex
385 3131 417 3162 oo
435 3115 596 3162 munimenti
616 3114 719 3177 aliquid
739 3114 866 3176 atceipcre
891 3114 1055 3176 scripturam
1078 3112 1167 3160 ris-11
1191 3112 1309 3168 censuit,

168 3196 228 3228 enm
247 3182 440 3242 grannuatiuos
459 3181 556 3230 librum
575 3181 647 3229 deb.
663 3179 884 3244 lug‚secund1nn
903 3179 1042 3244 adpellare
1056 3179 1152 3227 solitos
1171 3195 1231 3229 esse
1246 3195 1309 3227 eon-

168 3254 264 3297 starot.
301 3248 408 3296 Deinde
428 3263 487 3296 enm
507 3265 551 3312 ap.
571 3249 637 3297 Sall.
657 3241 798 3298 iurouditlrs
816 3249 949 3311 seriptum
969 3249 1054 3296 fuisse
1074 3253 1177 3296 certum
1195 3248 1246 3304 sit,
1266 3257 1309 3295 ta·

168 3332 229 3364 meu
249 3331 302 3379 qua
320 3316 522 3379 significatione
543 3317 638 3374 fuerit,
665 3332 697 3364 ex
716 3318 794 3365 Servi
813 3315 904 3364 vorbis
923 3315 1042 3363 dubitari
1061 3320 1160 3378 potest.
1196 3315 1266 3363 Nam
1286 3314 1310 3363 si

168 3384 320 3447 exemplum
340 3384 509 3432 adulteram
529 3390 634 3432 tantum
652 3382 881 3446 significatiemcm
901 3382 1027 3431 vocabuli
1045 3382 1309 3432 inconditusadbibi·

121 3479 125 3485 -
167 3458 224 3500 tum
244 3468 304 3500 osse
323 3457 524 3499 statuamus-
545 3451 653 3501 scilieet
672 3451 811 3499 incondita
830 3466 903 3508 esse,
929 3466 998 3514 quae
1023 3449 1123 3498 litteris
1147 3465 1200 3498 non
1219 3450 1309 3497 conisi·

168 3528 253 3581 gnata
271 3545 318 3575 -,
338 3519 424 3567 verba
443 3519 556 3567 Sallusti
575 3519 659 3567 risulto
678 3519 837 3567 obscuriora
856 3524 926 3566 sunt.
964 3517 1012 3566 Set
1031 3517 1098 3566 illud
1116 3516 1205 3580 ipsum
1224 3519 1310 3566 incon·

166 3589 265 3648 scriptu
284 3596 339 3634 tam
359 3585 479 3650 putidum
500 3593 554 3645 est,
575 3592 605 3634 nt
623 3586 667 3634 uix
686 3585 795 3634 dubium
814 3586 949 3645 videatur,
970 3585 1034 3648 quin
1054 3599 1088 3632 ea
1106 3583 1256 3648 explicatio
1276 3600 1309 3632 ex

168 3656 293 3716 nrargins
312 3653 383 3702 t'also
402 3652 461 3702 loco
480 3653 569 3701 inlata
588 3655 633 3701 sit.
670 3654 727 3702 Noc
746 3654 769 3701 si
789 3654 823 3702 ab
844 3653 939 3701 eodem
952 3653 1132 3716 grammatico
1151 3667 1185 3699 ea
1197 3651 1309 3700 adiecta

168 3723 317 3786 putaveris,
337 3729 429 3769 tainon
448 3721 593 3784 quidquam
612 3721 712 3777 obstat,
732 3736 783 3784 quo
802 3721 890 3768 minus
903 3720 1016 3768 Sallusti
1030 3719 1182 3783 exernplum
1200 3719 1310 3767 omnino

168 3790 203 3849 ad
221 3789 459 3837 demonstramlum
478 3788 594 3836 similem
614 3803 689 3836 usum
708 3788 836 3838 vocabuli
854 3788 995 3836 inconditus
1014 3787 1180 3850 adscriptum
1194 3802 1309 3835 censea-

167 3871 235 3905 mus.
272 3857 456 3904 Trausoanms
475 3856 559 3918 igitur
578 3856 612 3903 ad
631 3856 691 3919 ipsa
709 3856 850 3919 scriptoria
869 3855 955 3903 nostri
973 3854 1067 3903 verba.
1098 3855 1129 3902 ln
1143 3853 1230 3919 quidus
1242 3856 1311 3902 sires

167 3926 276 3972 mlrruut
295 3939 387 3971 onriros
406 3923 469 3971 llbri
488 3924 676 3983 eoriseutinnt,
702 3929 744 3972 set
768 3922 815 3970 alii
834 3923 957 3970 inconditi
973 3923 1091 3977 leudem,
1116 3921 1164 3969 alii
1187 3923 1313 3970 inconditi

167 3990 210 4041 rel
229 3993 358 4039 ascondita
376 3998 475 4046 tenero,
502 3989 592 4039 (tirell.
612 3991 640 4039 ll
659 3992 782 4038 r'ummditr'
798 3996 904 4047 terrere,
930 3990 957 4037 id
976 3989 1047 4052 «prod
1065 3988 1198 4037 Heinsius
1217 3989 1309 4037 conie-

168 4065 252 4107 cerat.
289 4059 330 4105 ab
349 4058 391 4106 bis
409 4057 489 4120 longe
509 4059 615 4106 recedit
633 4059 717 4106 codex
736 4058 843 4106 Ursini:
869 4059 905 4105 illi
927 4057 1015 4121 peribus
1033 4072 1075 4105 rus
1093 4059 1221 4119 iucopnita
1243 4063 1309 4112 erut,

166 4128 234 4174 inere
252 4127 335 4175 correcti
351 4127 493 4188 adportas
511 4128 639 4188 irrropuito
656 4126 775 4186 deradere,
800 4125 844 4172 eni
868 4123 968 4172 nollem
986 4125 1109 4172 Kritzius
1133 4129 1238 4172 tantum
1261 4125 1310 4173 tri·

167 4193 281 4241 buissel.
317 4193 436 4242 Primum
456 4193 526 4240 enim
546 4193 662 4256 turpiter
681 4197 839 4256 omunptum
859 4208 918 4241 essu
937 4191 1026 4239 locum
1046 4190 1089 4240 vol
1104 4191 1166 4239 inde
1183 4191 1310 4256 adparet,

167 4260 237 4325 quod
261 4261 286 4308 id
311 4263 398 4324 ipsum
418 4259 594 4319 mrcabnlum,
614 4261 648 4309 ob
668 4261 737 4324 quod
756 4260 864 4308 adlatus
883 4267 938 4312 ost.
965 4259 992 4306 in
1015 4260 1144 4320 iuropuito
1161 4263 1310 4317 mutatum,

167 4328 265 4376 deindo
290 4327 374 4376 l'aeilo
398 4336 440 4375 ost.
464 4327 498 4375 ad
523 4327 752 4388 intollogmulum,
778 4327 917 4374 librarium
943 4341 1003 4373 clun
1028 4325 1119 4386 legere
1144 4341 1198 4373 non
1217 4335 1310 4390 posset

167 4409 237 4459 qnae
256 4395 439 4443 ‹lescrilmnda
458 4401 563 4452 essent,
588 4394 633 4443 vel
656 4411 703 4443 suo
724 4394 837 4444 arbitrio
859 4393 901 4444 sel
922 4408 955 4441 ex
974 4394 1045 4441 notis
1065 4392 1264 4458 marginalibus
1283 4401 1312 4443 et
