2768 5010
439 386 743 431 cosnrsrnmennu
766 384 835 428 ear.
853 386 883 428 v.
1178 366 1238 430 123

99 549 177 605 nudis
199 555 229 605 et
246 548 308 619 pila
326 545 460 608 referens,
488 543 570 601 eredo
594 545 659 615 pile
687 543 745 600 sine
773 543 848 599 ferro
875 541 1037 614 intellegens
1065 541 1175 618 (Polyb.
1206 543 1239 602 Vl

100 656 140 713 la,
166 649 208 723 10)
225 644 256 723 ¹),
279 647 427 722 Sellingius
449 654 539 704 autem
561 644 578 700 l.
599 665 621 702 c.
645 649 792 703 ardentem
814 645 977 707 emendavit,
1006 646 1072 702 satis
1093 645 1240 721 probabili·

101 761 148 815 ter,
170 752 251 811 modo
274 768 329 825 quo
350 750 431 806 modo
452 750 477 806 id
502 750 529 805 iu
548 750 663 806 ardenti
690 756 876 806 conmutatum
898 755 972 803 essct
995 748 1145 822 adpareret.
1192 750 1239 807 Set

101 855 163 930 quid
181 871 272 911 nonne
292 853 408 927 sulphur
428 860 456 909 et
479 853 555 909 taeda
576 860 655 915 sunt,
677 870 746 927 qnae
768 852 794 907 in
817 849 863 906 illa
885 867 972 906 massa
995 850 1122 908 ardeant?
1148 870 1238 910 noune

99 957 226 1032 quoniam
248 956 392 1029 utriusque
416 954 485 1010 ideur
507 972 572 1010 usus
595 963 670 1017 erat,
693 955 721 1009 in
744 971 826 1028 unum
849 953 885 1010 ita
907 952 1037 1026 coniungi
1058 963 1185 1029 potuere,
1207 962 1239 1013 nt

99 1062 214 1116 ardenti
237 1058 384 1131 singularis
408 1057 440 1113 ad
468 1064 614 1131 utrumque
639 1056 805 1113 referretur?
848 1056 943 1113 Nonne
963 1055 1080 1129 denique
1102 1059 1240 1134 postposi-

100 1172 156 1219 tum
178 1163 296 1224 videtur,
321 1179 375 1236 quo
400 1159 462 1217 leco
486 1177 536 1215 suo
557 1168 661 1216 motum
684 1160 792 1232 gravius
810 1159 969 1220 coiceretur,
994 1159 1094 1234 quippe
1117 1178 1171 1234 quo
1193 1163 1239 1219 de·

99 1273 186 1322 tracto
208 1274 256 1321 aut
278 1263 404 1337 neglecto
428 1264 514 1319 omnis
534 1280 578 1319 res
599 1263 687 1319 minus
710 1261 789 1337 plana
811 1264 901 1319 essct?
945 1261 992 1316 llis
1015 1278 1067 1335 eqo
1090 1264 1193 1320 caussis
1208 1272 1239 1322 ut

98 1367 150 1425 hoc
171 1385 281 1443 quoquc
304 1365 365 1422 leco
388 1365 596 1422 vetustissumos
612 1364 698 1422 libros
720 1368 849 1438 sequerer
866 1372 957 1420 nictus
980 1381 1048 1420 sum.

184 1520 241 1594 lug.
266 1525 315 1582 60,
338 1525 355 1580 4
384 1536 446 1574 num
468 1517 611 1593 oppidanis
641 1525 713 1574 tauta
736 1518 778 1576 vel
799 1517 915 1574 stultitia
939 1516 979 1573 sel
1002 1516 1126 1575 alacritas
1148 1519 1240 1595 ingeni
1265 1538 1268 1545 ’

99 1623 158 1679 iure
180 1622 324 1685 tribuatur,
343 1630 373 1677 ut
395 1621 560 1677 credideriut
583 1637 642 1676 sese
664 1619 698 1675 ab
720 1621 776 1677 suis
792 1619 878 1676 :meliri
899 1629 945 1676 aut
966 1621 1040 1678 cerni
1054 1639 1145 1696 posse,
1169 1624 1240 1697 quod

99 1726 187 1781 inesse
212 1725 239 1780 in
261 1723 394 1780 librorum
420 1723 556 1799 scriptura
577 1725 663 1780 acati
686 1754 722 1764 -
743 1728 863 1796 possent
887 1723 1011 1798 plerique
1038 1741 1181 1788 censuere,
1213 1726 1241 1782 iu

98 1827 204 1884 incerto
229 1826 394 1900 relinquam,
416 1826 480 1883 anilii
503 1825 662 1882 Sallustium
685 1824 751 1881 illud
771 1843 825 1882 nou
846 1825 988 1899 scripsisse
1017 1834 1165 1901 prepterea
1183 1846 1241 1885 cer·

99 1939 156 1985 trinu
184 1938 242 1993 est,
272 1929 400 2003 quomam
426 1929 512 1984 sicali
532 1946 592 1984 cum
615 1928 787 1984 corrinnetivo
816 1928 842 1983 id
863 1935 967 1985 tanturn
990 1928 1139 2001 signifieat,
1169 1930 1241 2004 quod

98 2031 160 2105 quis
181 2030 300 2093 simulet,
323 2030 395 2086 velut
417 2030 472 2086 Cat.
496 2037 544 2093 38,
567 2038 584 2091 3
612 2031 662 2086 alii
680 2032 766 2086 siculi
779 2032 882 2103 pepuli
903 2031 969 2085 iura
991 2032 1181 2103 defenderent
1199 2063 1243 2074 -

97 2135 201 2189 bonam
219 2135 365 2205 praelicam
387 2134 554 2189 sirnulnates
573 2163 615 2171 —-
635 2134 785 2189 certabant
805 2132 866 2206 (nec
880 2131 1017 2189 divorsum
1035 2142 1076 2189 est
1096 2137 1151 2191 liat.
1167 2141 1239 2197 aa!

96 2237 185 2291 sicali
200 2237 356 2293 salutatum
372 2237 492 2292 introire
509 2236 548 2292 ed
565 2235 750 2310 Cicerorrenr).
785 2235 841 2303 tlara
854 2252 883 2290 rc
899 2234 1010 2310 probavi
1028 2235 1138 2293 Linlseri
1153 2254 1242 2294 emen·

96 2338 237 2394 clationem
257 2340 355 2395 sicubi.

183 2472 240 2545 lug.
262 2480 306 2537 63,
328 2480 345 2535 4
371 2473 434 2530 lilrri
457 2489 550 2529 omnes
573 2472 713 2529 calaibent:
744 2487 812 2543 erqo
838 2473 888 2528 uli
909 2475 1038 2545 parntem
1066 2475 1242 2532 calceatam

96 2577 251 2632 militarem
272 2595 290 2632 a
309 2580 418 2648 populo
437 2576 520 2648 petil,
541 2576 687 2647 plerisque
707 2574 814 2648 faeiem
841 2577 903 2631 eius
929 2578 1127 2648 {perorantibus
1152 2576 1242 2649 facile

96 2684 184 2733 uelim
205 2694 265 2750 per
293 2681 384 2735 omnis
414 2678 506 2733 tribus
534 2679 710 2734 declaratur.
762 2676 835 2744 Quae
862 2677 982 2733 Kritzius
1020 2679 1060 2736 sie
1085 2679 1241 2754 explicarit:

97 2779 172 2834 ‘licet
195 2778 320 2854 plerique
342 2779 503 2853 (etiamtum)
532 2779 626 2837 laciem
650 2781 708 2836 cius
732 2779 906 2851 ignorarent,
936 2787 1024 2836 tamen
1048 2779 1243 2853 (conmemora-

97 2881 174 2937 tione
202 2889 314 2939 streuue
336 2883 469 2940 laetorum
498 2899 529 2938 ac
552 2881 698 2954 virtutum)
726 2879 805 2937 lacile
824 2889 906 2936 notus
935 2881 1038 2954 (lactus
1061 2891 1102 2939 est
1124 2883 1168 2957 et)
1194 2901 1243 2958 per

95 2984 187 3039 omnis
205 2985 293 3041 trilrus
311 2984 480 3041 declaratur'.
527 2985 574 3040 Set
593 3001 695 3057 quaero
722 3001 776 3057 qno
799 2983 908 3041 notariae
928 2983 951 3040 is
968 2985 1089 3059 scriptor
1105 2984 1242 3060 adpellan-

95 3087 148 3141 dus
171 3085 303 3149 uideatur,
327 3087 373 3161 qm
389 3095 442 3142 tam
465 3086 550 3142 multa
573 3084 721 3141 lectorilms
745 3085 893 3160 salrplcnda
911 3086 1055 3161 relinquat.
1099 3086 1243 3144 l‘raeterea

96 3188 178 3244 selim
201 3187 323 3263 exempla
345 3189 529 3264 proferantur,
553 3188 652 3261 quibus
670 3194 766 3244 notram
791 3189 914 3260 aliquem
936 3191 1023 3246 elicui
1041 3188 1122 3264 facio
1141 3191 1242 3247 (lictum

96 3310 159 3347 esse
178 3290 212 3346 alr
234 3290 327 3346 latinis
355 3292 535 3365 scriptoribus
567 3290 734 3346 ostendatur.
778 3293 903 3347 ueterum
931 3292 994 3367 quid
1024 3294 1092 3348 tanti
1122 3292 1188 3356 suit,
1218 3293 1242 3349 si

96 3392 199 3448 ilarius
228 3392 345 3448 aliorum
373 3392 592 3449 coumciulatieui
623 3401 650 3447 et
680 3391 874 3465 praedicationi
904 3393 1070 3449 tribunatum
1098 3394 1242 3451 militarem

95 3494 230 3551 alclreret?
274 3494 306 3550 Et
336 3512 387 3569 (pua
418 3496 523 3551 tandem
554 3504 613 3550 arte
639 3493 685 3567 qui
709 3494 742 3549 dc
771 3494 830 3550 eius
852 3495 1018 3552 facinoribus
1046 3503 1073 3550 et
1095 3495 1242 3553 antuniana

96 3595 255 3657 uarraliant,
280 3604 309 3652 ut
328 3596 407 3653 lacile
423 3604 583 3654 nosceretur
604 3597 735 3652 ellceere‘l
779 3595 886 3652 Scilicet
903 3605 984 3652 aretiis
1004 3597 1064 3659 inii,
1085 3605 1147 3653 anie
1163 3616 1242 3673 quam

97 3707 216 3773 peteret,
235 3698 401 3755 lacirnrrilnrs
423 3699 482 3754 eius
505 3700 574 3754 larana
594 3697 734 3771 corrigatis.
779 3698 883 3766 Quare
911 3697 1027 3773 palmam
1055 3700 1156 3755 meruit
1183 3698 1244 3755 l'al·

97 3802 209 3865 merius,
227 3819 288 3858 curn
305 3800 395 3873 sectis
416 3799 591 3857 scribendum
613 3817 671 3857 csse
694 3800 796 3857 docuit.

184 3937 218 3993 l't
241 3936 357 3992 deloco
380 3937 435 4009 lug.
463 3941 547 3998 dm
577 3944 650 3992 recte
673 3936 821 3998 iinlicetnr,
850 3935 966 4010 primum
992 3936 1055 4009 quid
1078 3935 1242 3994 discriminis

98 4043 172 4097 inter
202 4042 298 4112 primo
326 4047 353 4095 et
379 4042 505 4110 primam
540 4038 611 4112 apud
641 4036 799 4094 Sallustium
833 4037 984 4094 intercedat
1019 4038 1160 4096 dicendum
1191 4047 1242 4095 est.

96 4143 199 4199 Primo
223 4141 308 4215 igitur
327 4141 481 4215 siguificare
503 4158 611 4214 semper
635 4142 713 4197 initio
741 4141 896 4215 conparatis
925 4140 1050 4197 omnibns
1072 4140 1154 4206 locis,
1186 4144 1242 4199 uae.

141 4357 171 4421 1)
195 4358 275 4408 inira
292 4357 339 4422 dd,
359 4357 375 4409 6
393 4373 485 4410 nuens
503 4360 555 4410 tete
574 4355 666 4423 (sudes
685 4361 713 4408 at
731 4355 800 4425 pila)
820 4357 855 4408 ab
875 4359 938 4427 igne
958 4365 986 4410 et
1003 4359 1143 4428 lapidibus
1161 4375 1242 4434 aepa-

96 4448 161 4495 ratc
177 4448 252 4495 sunt.
