2768 5010
114 312 155 372 te
450 330 753 375 couuuuuamouuu
777 331 848 374 cae.
873 332 922 374 111.

117 496 212 544 lamas.
250 489 285 543 nt
310 485 375 542 illud
397 485 529 568 linierus
559 486 645 543 ecfert
667 484 703 562 (p.
729 485 773 560 11)
792 486 825 543 ab
846 487 931 545 Dione
951 487 1067 549 narrari.
1088 487 1163 561 quod
1186 486 1262 545 solus

116 589 262 646 Sallustius
285 587 435 650 tradiderit,
457 589 491 644 de
514 589 537 644 ri
559 607 635 646 reum
657 589 756 647 lactum
779 606 839 646 esse
859 589 1009 647 Catilinam.
1053 589 1101 646 Set
1124 588 1263 663 videque

117 692 198 749 modo
221 689 372 747 rettulerit:
396 676 431 745 aci
447 683 479 747 δέ
504 683 616 748 ἐκτῶν
633 683 796 765 Τορσηνῶν
818 677 1017 768 ἀγγελλόμενα
1041 680 1097 763 τήν
1117 706 1149 746 τε
1167 685 1264 746 αἰτίαν

117 781 307 864 ἐπιστώσατο,
330 785 380 848 και
395 788 463 866 βίας
484 778 533 848 ἐπ’
554 783 654 861 αὐτοῖς
669 780 790 868 γραφὴν
804 790 847 873 τῷ
865 790 1009 873 Κατιλίνᾳ
1032 781 1264 867 παρεσκεύασεν.

117 896 177 952 llou
199 895 363 958 nominatur,
386 896 433 969 qm
456 896 631 953 nomenoius
652 896 685 952 de
708 897 733 951 vi
752 894 861 957 detulit.
885 903 912 952 et
934 913 995 953 cum
1017 893 1101 951 relius
1122 911 1156 952 ea
1179 895 1264 951 inter·

119 997 228 1072 rogatio
248 997 430 1059 connectitur,
453 998 486 1053 de
509 998 608 1071 quibus
629 1017 744 1074 prorsus
763 998 847 1054 tacuit
869 996 933 1053 Sall.
973 995 1082 1053 Scilicet
1102 997 1131 1052 L.
1149 996 1263 1055 Paulum

119 1118 244 1158 accusare
264 1098 382 1156 volsiisse
401 1098 542 1155 Catilinam
567 1101 674 1158 aliunde
696 1109 791 1158 notum
814 1099 898 1156 luisse
919 1099 1067 1155 ostemlunt
1090 1098 1177 1155 schol.
1198 1099 1263 1156 Bob.

120 1204 151 1259 ad
172 1202 224 1258 Cio.
249 1201 275 1257 iu
298 1201 385 1257 Vatin.
409 1211 455 1264 10,
478 1209 511 1262 25
534 1223 560 1278 p.
586 1209 638 1263 320
655 1203 699 1260 Or.
735 1203 792 1259 Hic
813 1203 901 1275 tpitar
924 1201 1036 1257 Paulas
1056 1217 1199 1257 accusare
1221 1204 1264 1257 in·

119 1307 253 1361 stituerat
278 1306 312 1359 cie
336 1305 363 1359 oi
389 1304 420 1359 L.
444 1304 593 1361 Catilinam
617 1312 652 1374 et,
682 1313 713 1362 ut
741 1306 857 1378 qnidam
887 1305 1041 1360 memoriae
1068 1304 1264 1370 tradiderant,

121 1406 282 1479 Cctltepam.
328 1404 477 1462 Sedenim
502 1407 623 1465 Catilina
640 1409 775 1480 deficiens
793 1408 828 1464 ab
849 1421 881 1462 re
901 1424 931 1478 p.
953 1422 985 1463 se
1005 1407 1044 1482 ad
1059 1423 1145 1461 arma
1166 1412 1264 1462 contn-

121 1512 210 1576 terot,
246 1508 384 1580 Catienus
412 1526 523 1581 ροοριιε
550 1513 580 1566 in
609 1511 707 1567 eodem
734 1511 967 1582 perseveratione
994 1514 1183 1579 consumptas
1212 1512 1264 1563 est.

122 1610 194 1678 Quae
219 1609 269 1665 iam
292 1629 314 1666 c.
337 1615 371 1670 δι
392 1610 440 1666 uto
463 1621 563 1674 narrat.
593 1631 624 1668 aa
650 1630 682 1668 ex
704 1612 756 1668 Cic.
783 1613 809 1667 iu
831 1610 887 1666 Cat.
910 1611 965 1671 ln.
991 1616 1021 1671 19
1043 1609 1155 1682 cognita
1177 1616 1264 1672 erant,

122 1719 150 1768 ct
173 1730 242 1786 qliae
264 1712 367 1768 adiecta
390 1723 436 1769 aut
452 1722 554 1770 nudata
576 1723 648 1776 saint,
671 1722 745 1771 certe
767 1731 819 1770 uem
840 1712 873 1768 nb
889 1711 1019 1769 Sallustio
1035 1718 1153 1786 sumpta.
1187 1711 1265 1767 Post·

123 1832 202 1889 quam
231 1814 316 1887 igitur
340 1815 388 1870 uio
413 1833 488 1870 reum
516 1816 615 1872 iactum
648 1834 709 1873 esse
734 1815 875 1871 Catilinam
901 1813 1020 1869 inornavit
1051 1843 1087 1853 —
1116 1812 1173 1869 alio
1201 1830 1265 1870 eon·

123 1934 193 1973 nesu
214 1921 293 1990 quam
316 1915 462 1973 Sallustius
488 1948 524 1957 -
545 1927 601 1974 tum
618 1918 682 1992 iliud
702 1919 725 1975 is
743 1925 889 1993 propterea
913 1916 1037 1979 lecisset,
1067 1932 1099 1971 ex
1121 1914 1178 1972 alio
1201 1913 1266 1971 scii·

123 2026 203 2094 ptore
232 2017 411 2093 interposuit,
449 2018 499 2074 iam
530 2020 601 2095 apud
630 2039 691 2076 etim
724 2018 871 2091 leguntur,
902 2017 1056 2092 exquibus
1082 2016 1267 2091 potissumum

123 2120 256 2176 Liukerus
283 2119 437 2183 conclusit.
468 2139 548 2196 (ruem
579 2123 700 2178 ordinem
726 2138 817 2177 rerum
843 2121 914 2194 apud
934 2118 1092 2176 Sallustium
1117 2118 1265 2175 invenerit:

114 2212 173 2290 Ὣς
191 2207 218 2276 d’
239 2207 327 2279 oridia
345 2219 377 2278 οί
388 2214 549 2298 προεχώρει
571 2224 729 2298 (largiamur
749 2224 814 2280 lraec
835 2240 867 2279 ex
886 2221 940 2278 illis
967 2223 1015 2279 ndi
1034 2222 1125 2276 malta
1147 2220 1269 2292 enitenti

124 2322 196 2381 ninii
213 2328 344 2396 procedit
364 2336 496 2383 convorsa
517 2326 587 2395 esse)
613 2356 649 2366 -
681 2311 740 2381 iias
755 2312 811 2398 prio
835 2320 1005 2391 Λεντοῦλος
1025 2315 1176 2396 φοβηθείς
1196 2311 1266 2376 aina-

125 2421 256 2483 στέλλετο
278 2422 329 2482 καί
355 2414 370 2481 ὁ
393 2425 560 2495 Λεντοῦλος
582 2416 686 2500 ἥκιστα
707 2416 882 2499 δραστήριος
905 2407 943 2498 ἧν
963 2425 1039 2498 (haec
1063 2425 1120 2499 ipse
1146 2423 1268 2498 scriptur

126 2527 242 2591 aliunde,
264 2546 318 2584 non
341 2547 372 2584 es
395 2528 524 2585 Sallustio
541 2528 649 2601 adiecit)
667 2560 703 2569 -
719 2529 860 2601 nausiator
876 2514 977 2595 αὐτοῖς
992 2512 1098 2593 νοκτὸς
1113 2521 1155 2593 εἰς
1170 2520 1269 2580 οἰκίαν

126 2618 193 2684 τινὰ
219 2627 395 2703 συλλεγῆναι
417 2628 472 2703 (eis
494 2631 560 2687 adeo
589 2631 665 2687 Linl.
688 2632 794 2687 cerisuit
819 2628 973 2686 ctririirmari
996 2626 1121 2684 Palmarii
1143 2628 1269 2684 emenda·

128 2731 230 2787 tionem
242 2733 270 2786 in
276 2737 412 2803 tempesta
428 2740 508 2789 nocte
522 2736 728 2789 eortittrationis
736 2735 886 2804 principes
899 2736 1036 2788 corroocat
1044 2745 1135 2801 penes
1146 2728 1188 2785 M.
1195 2730 1269 2786 Por·

49 2845 64 2871 -’
127 2835 202 2889 αιτιοι
219 2834 351 2890 taccam.
380 2833 450 2888 Nihil
464 2835 622 2897 trituramus,
643 2835 713 2909 ιμιοιΙ
729 2852 789 2890 euni
811 2833 947 2889 lmminem
966 2849 1020 2888 nou
1043 2830 1165 2888 ironiinat
1182 2827 1269 2903 ilion),

128 2929 179 2990 καί
199 2923 303 2990 λαθών
324 2921 376 2990 τὸν
393 2931 543 2993 Μέτελλον
564 2936 670 3009 (rursus
692 2935 826 3010 subplcrit
849 2933 1022 3006 Sallustium)
1046 2911 1124 3004 ἦλθέ
1144 2949 1173 2988 τε
1196 2920 1271 3006 πρὸς

127 3023 237 3105 αὐτοὺς
265 3031 314 3092 και
337 3030 489 3111 ἐπετίμησε
511 3037 615 3111 σφίσιν
637 3031 687 3094 iot
707 3055 736 3092 τε
760 3033 796 3116 τῇ
818 3025 942 3113 ἀτολμίᾳ
958 3029 1009 3089 καὶ
1026 3027 1072 3090 ἔπι
1088 3029 1124 3112 τῇ
1139 3029 1271 3111 μαλακίᾳ

129 3139 206 3213 (haee
228 3139 325 3195 similia
346 3149 410 3197 sunt
423 3138 485 3196 Sall.
508 3141 602 3213 ibique
621 3143 709 3195 rnrtlta
727 3141 761 3195 de
784 3140 898 3211 iprtaoio
920 3154 1018 3193 eoram
1039 3135 1190 3208 questus),
1211 3123 1271 3189 κᾶκ

130 3232 236 3297 τούτου
259 3231 418 3310 διεξελθών
442 3232 496 3297 ιισα
518 3260 548 3297 τε
570 3239 718 3298 πείσοιντο
741 3233 932 3316 φωραθέντες
955 3231 1004 3292 καὶ
1027 3227 1105 3293 ὅσον
1121 3228 1272 3305 τεύξοιντο

130 3334 374 3417 κατορθώσαντες
397 3344 473 3417 (Ιιοοο
499 3361 530 3399 ex
552 3344 676 3399 oratione
697 3359 720 3399 o.
743 3348 778 3402 20
799 3361 840 3416 ap.
865 3339 927 3396 Sall.
949 3340 1000 3397 lrue
1020 3338 1106 3396 relata
1128 3338 1272 3403 videntur:

131 3464 210 3522 tiaram
226 3455 289 3520 apte
308 3465 358 3520 pro
377 3446 424 3507 eis,
449 3463 517 3519 (luite
539 3445 602 3501 Sall.
625 3444 765 3500 Catilinam
788 3446 814 3501 in
830 3444 987 3498 Ciceronem
1008 3442 1123 3498 iactasse
1138 3458 1273 3496 irremors-

89 3593 97 3601 .
130 3551 176 3611 rit,
192 3547 312 3603 subiecta
327 3549 390 3611 siut,
408 3547 494 3621 quiris
513 3546 629 3620 sentiet),
648 3533 740 3612 eiicere
756 3531 865 3612 αὕτοιις
880 3536 929 3598 και
944 3536 1088 3618 ἐπέρρωσε
1103 3533 1153 3596 καὶ
1170 3530 1273 3615 meai·

130 3656 217 3723 ξυνεν
243 3650 281 3723 (at
308 3649 452 3707 Sallustius
470 3652 636 3721 pt’rterritis
658 3649 742 3722 instruit
769 3656 796 3703 at
823 3647 1017 3702 rlttbitnntidns
1044 3645 1176 3716 ceteris),
1194 3628 1272 3699 ὥσθ’

131 3742 313 3829 ὑποσχέσθαι
333 3745 386 3808 δύο
403 3738 485 3820 τινας
508 3751 626 3826 (ιιοιιιιιιιι
648 3769 697 3807 cur
717 3749 877 3824 subpressit,
895 3747 1056 3822 praesertim
1078 3762 1138 3802 eum
1158 3743 1275 3803 aliorum

132 3857 301 3915 sauciationes
323 3856 463 3929 corrigere
486 3853 609 3929 possetl]
632 3847 661 3921 ἒς
676 3870 705 3906 τε
728 3836 781 3925 τὴν
797 3847 850 3907 τοῦ
869 3843 1035 3923 Κικέρωνος
1051 3842 1148 3903 οἰκίαν
1163 3832 1226 3920 ἅμα
1239 3842 1277 3925 τῇ

133 3949 226 4040 ἡμέρᾳ
255 3959 298 4031 (at
321 3957 383 4013 Sall.
408 3974 438 4013 ea
461 3964 542 4013 nocte
560 3957 651 4028 patilo
674 3961 750 4025 post.
795 3954 862 4008 Num
892 3952 938 4007 ltin
965 3950 1124 4006 Sallustium
1147 3967 1179 4004 ox
1203 3948 1274 4005 Plut.

133 4064 184 4119 Cic.
209 4071 241 4123 16
270 4054 366 4117 ἕωθεν
388 4060 539 4117 correxisse
567 4077 629 4115 cmn
651 4057 769 4113 liniare
792 4055 942 4111 cernendus
967 4052 1045 4123 estt)
1068 4039 1181 4122 ἐσᾴξειν
1200 4039 1275 4104 κοιν-

133 4161 232 4219 ronna
247 4149 339 4219 αὐτὸν
357 4151 523 4232 φονεύσειν.
553 4157 589 4237 [c.
612 4154 659 4234 33]
679 4146 734 4225 Ὡς
754 4152 785 4212 δὲ
808 4149 857 4212 καὶ
879 4151 965 4210 τοῦτο
987 4139 1185 4228 προεμηνύθη
1209 4150 1277 4223 (cur

134 4267 240 4321 tamlem
264 4266 319 4326 llio.
341 4263 363 4318 si
386 4260 449 4317 Sall.
472 4261 543 4316 lilrro
567 4280 631 4317 usus
654 4269 704 4320 est,
722 4277 783 4316 cum
804 4277 836 4313 es
857 4276 890 4313 eo
913 4256 1022 4311 haurire
1045 4261 1140 4330 posset
1161 4253 1277 4309 (luriunt

134 4384 183 4442 per
205 4365 323 4422 Fulviam
342 4364 506 4424 enuntiasse,
530 4363 595 4419 haec
618 4362 710 4437 potius
733 4360 844 4417 adiecit:
867 4344 953 4433 ὁγὰρ
970 4349 1115 4431 Κικέρων,
1130 4341 1208 4410 notai
1223 4348 1276 4409 dn-
