2768 5010
162 355 312 457 50¹.
471 365 993 461 smmfflmmunw-m

162 534 231 610 App.
252 533 277 581 b.
298 533 388 582 Mitlrr.
408 549 432 581 c.
452 532 485 581 70
504 549 529 597 p.
548 531 611 592 379,
631 533 663 582 ’27
682 533 785 582 usus:
807 522 855 583 ‘oti
885 523 976 596 ’ὁρᾶτε
995 522 1025 582 δ’
1043 520 1150 581 αὐτῶν
1170 521 1226 595 ἔφη
1247 523 1304 581 ‘aul

162 617 229 657 τους
251 591 397 664 dolumve*
422 591 587 659 ἐπιδεικνὺς
612 592 743 665 odisses
764 615 793 651 τε
817 550 872 650 καλ
890 594 956 658 τοὺς
974 599 1117 657 Αοοκίους
1141 597 1305 664 ιπολεμίους

163 663 216 733 μὲν
233 659 318 725 ὄντας
337 667 369 732 τῇ
385 666 517 732 πατρίδι,
537 661 702 734 συμμάχους
727 659 758 718 δ’
776 661 876 735 ἠμίο;’
902 668 1004 732 aliquid
1023 668 1223 726 coniciuudum,
1244 666 1305 715 illos

164 737 233 800 quod
252 735 356 784 Sullam
374 737 508 797 odissent,
533 738 593 802 rogi
616 737 797 786 fidelissumos
820 744 848 786 et
871 736 1064 785 deditissumos
1088 736 1161 784 visos
1179 748 1240 784 csse
1260 751 1304 783 es·

162 812 312 869 postumus.
350 805 398 853 Set
420 806 556 860 nerninem
580 820 673 853 carum
695 805 841 865 habemus,
866 804 920 852 nisi
943 819 1022 868 quem
1047 803 1128 851 fidum
1147 802 1227 851 nobis
1247 802 1305 851 lore

164 872 339 921 confidamus.
376 873 484 933 Quare
504 873 620 921 minume
639 872 825 922 rreoessarium
845 877 900 930 ost,
929 879 960 921 ut
982 872 1033 920 hoc
1053 871 1087 919 ab
1107 869 1240 919 Sallustio
1260 870 1305 918 ad·

163 941 264 989 iactum
283 940 369 988 luisse
394 945 561 999 statuamus;
587 941 655 988 satis
679 946 737 999 est,
762 940 832 1004 quod
857 955 976 988 aurorem
1000 945 1028 988 et
1051 939 1197 986 caritatem
1220 937 1305 1002 signi·

163 1006 236 1071 licet.
272 1006 303 1055 Id
327 1007 392 1055 milri
416 1008 569 1071 repperisse
592 1007 686 1056 videor
709 1008 738 1055 in
755 1018 856 1064 suaves,
884 1006 954 1070 quod
977 1013 1006 1055 ut
1033 1006 1115 1054 facile
1140 1006 1195 1069 legi
1220 1004 1308 1068 potuit

160 1090 259 1137 praeses.
279 1074 319 1122 sio
335 1090 389 1123 non
408 1075 496 1123 minus
515 1074 599 1124 facile
618 1075 717 1133 omitti,
738 1075 836 1138 quippe
857 1075 952 1122 eadem
971 1073 1067 1122 littora
1085 1075 1271 1130 terminatum,
1292 1087 1308 1119 a

164 1157 218 1206 qua
235 1142 359 1206 incipiat.

249 1258 1308 1340 bfflmmdw.fflmeMmfflmmffimmffle

165 1338 761 1458 mmfflmwmmmmffim

250 1479 329 1527 Aras,
349 1496 375 1543 p.
394 1478 445 1528 260
462 1495 483 1528 s.
504 1496 528 1530 v.
554 1488 674 1531 arescesst't
692 1484 757 1529 illam
776 1497 836 1529 rem.
873 1481 940 1529 (tum
964 1480 996 1529 ‹le
1020 1486 1089 1544 repis
1106 1477 1242 1529 vocabulo
1261 1478 1308 1526 du-

166 1547 250 1594 bitari
268 1551 400 1609 nequeat,
420 1546 452 1596 de
470 1548 651 1596 Mithridatici
669 1548 736 1596 belli
755 1548 898 1612 principiis
921 1548 992 1596 hacc
1015 1547 1090 1596 dicta
1114 1547 1199 1594 fuisse
1219 1560 1308 1610 paone

167 1619 271 1663 eertum
290 1613 404 1663 videtur.
441 1615 653 1678 Properattonem
671 1614 746 1664 nullo
765 1616 842 1664 modo
856 1616 922 1664 torri
935 1620 1035 1679 potest,
1055 1630 1106 1662 noo
1124 1615 1192 1663 satis
1205 1612 1309 1678 placet,

167 1681 238 1746 quod
255 1682 509 1746 proposuitlllithly
527 1684 594 1733 Nov.
613 1683 682 1731 Anu.
703 1683 830 1732 LXXVII
849 1701 875 1748 p.
895 1683 940 1731 79:
966 1698 1049 1746 prope
1068 1685 1202 1731 nationem.
1241 1681 1309 1729 Ciam
1366 1730 1371 1739 ,

167 1754 259 1798 autom
278 1750 383 1813 equites
408 1750 442 1798 ad
466 1756 558 1798 castra
580 1751 698 1799 hostium
716 1750 787 1798 mitti
805 1750 926 1811 soleant,
953 1765 1004 1814 quo
1024 1757 1072 1798 aut
1088 1749 1151 1798 loca
1170 1764 1204 1797 ac
1222 1748 1309 1796 muni·

167 1822 260 1865 menta
279 1817 434 1880 explorent,
459 1825 506 1866 aut
529 1818 622 1867 hostes
649 1819 683 1867 ad
706 1833 826 1882 pugnam
849 1817 1004 1876 lacessant,
1027 1833 1111 1881 saepe
1131 1820 1222 1865 autem
1241 1814 1311 1864 talia

167 1884 273 1949 proelia
296 1883 378 1942 fiant,
408 1891 438 1934 ut
457 1900 508 1949 quo
531 1902 604 1934 more
623 1885 715 1935 ltostcs
733 1891 856 1950 pugnent
874 1891 1069 1950 cognoscatur,
1096 1883 1205 1932 restitui
1224 1884 1314 1946 procli

167 1954 304 2006 rationem:
322 1952 372 2001 cfr.
393 1952 474 2002 Caes.
494 1953 525 2001 B.
547 1954 579 2003 (ὶ.
600 1954 622 2000 V
644 1952 686 2001 lli:
711 1956 836 2018 epitestris
857 1960 938 2001 aretem
956 1956 1049 2016 proelii
1066 1956 1133 2001 ratio
1151 1957 1176 1999 ct
1194 1951 1309 2000 cedenti-

155 2019 211 2068 ·bus·
229 2026 254 2068 ot
272 2020 456 2085 insequentibus
471 2037 524 2085 par
541 2027 616 2086 atque
635 2023 699 2070 istem
714 2022 854 2084 perieulum
872 2021 1010 2082 inferebat.

252 2138 420 2202 Subiuugam
439 2139 493 2187 iam
513 2155 546 2188 oa
566 2140 721 2204 fragmenta
740 2139 838 2203 quibus
858 2145 906 2188 aut
927 2145 1018 2187 certus
1036 2138 1112 2187 locus
1132 2137 1160 2185 in
1177 2135 1248 2186 libro
1267 2151 1309 2186 se-

168 2206 256 2254 cundo
275 2206 416 2270 adsignari
434 2212 562 2270 nequeat,
582 2212 630 2255 aut
648 2222 760 2270 quorum
778 2208 918 2257 sontentia
936 2206 1054 2255 obscura
1072 2206 1116 2254 sit.

252 2322 1310 2403 bstmffl.mfflmmmmmmmmfflfflmmm.

252 2442 320 2491 Non.
341 2459 366 2507 p.
386 2440 436 2511 3305
455 2441 553 2490 sulib.
573 2443 614 2503 II,
633 2445 680 2492 nbi
699 2447 809 2507 interfici
826 2448 854 2493 ct
871 2444 954 2492 occidi
971 2433 1054 2491 etiam
1068 2442 1100 2490 de
1113 2440 1312 2490 inanimalibus

168 2509 243 2559 dicta
262 2526 321 2559 csse
341 2509 428 2557 docet.
449 2536 480 2543 -
500 2510 619 2559 Krituius
637 2511 689 2561 hoc
708 2513 891 2576 fragmentum
910 2512 983 2559 inter
1000 2509 1033 2559 39
1057 2514 1084 2559 ct
1102 2508 1136 2556 40
1153 2509 1258 2572 posuit,
1285 2512 1313 2572 et

169 2577 275 2626 consuit
294 2591 420 2625 caussam
439 2576 501 2636 diei,
522 2593 569 2625 cur
588 2578 680 2627 urbem
701 2585 780 2628 tanta
793 2580 874 2629 ianus
888 2578 1033 2627 calamitas
1046 2577 1200 2641 pressisset.
1232 2575 1311 2636 Quod

168 2646 192 2694 si
211 2651 293 2703 osset,
313 2643 434 2692 latrones
452 2645 559 2708 piratae
580 2645 760 2710 intellegundi
779 2653 879 2705 esseut,
899 2652 941 2694 sot
953 2644 1117 2694 vocabulum
1130 2643 1196 2692 illud
1210 2643 1242 2690 do
1257 2650 1311 2692 ter·

168 2713 301 2762 rostribus
320 2711 531 2775 praedatoribus
549 2713 589 2761 ita
608 2714 810 2777 frequentatum
830 2730 890 2762 esse
910 2717 1031 2772 constat,
1056 2717 1087 2760 ut
1109 2711 1163 2760 nisi
1187 2710 1244 2758 alia
1265 2710 1312 2758 ad·

168 2781 231 2838 sint,
252 2795 321 2842 quim
341 2779 373 2826 do
392 2779 489 2842 piratis
508 2780 561 2829 dici
581 2787 706 2844 argrraut,
726 2781 760 2830 dc
773 2781 829 2830 illis
839 2797 896 2829 non
910 2781 1026 2843 cogitari
1040 2795 1092 2828 nori
1112 2779 1207 2843 possit.
1239 2777 1313 2838 Quid

168 2847 271 2912 igitur?
294 2861 383 2894 nonno
407 2845 478 2894 liaeo
502 2847 559 2895 dici
581 2856 692 2911 potuero
717 2849 750 2896 do
769 2849 960 2898 corruscatibus
978 2848 1006 2896 in
1025 2847 1189 2911 Hispaniam
1207 2846 1312 2893 exerci-

169 2916 209 2962 tui
227 2913 428 2978 subponendis,
447 2930 497 2977 pcr
513 2914 633 2964 latrones
652 2916 830 2980 interceptis?

254 3031 1313 3113 ss[meaGeQ.ssmmmcmmmpmsmmmlmtmo

171 3133 1098 3213 mmmfflmfflfflmfflmwmmmmmm‚

255 3254 323 3301 Non.
342 3269 367 3316 p.
388 3252 438 3302 :3:39
456 3270 489 3301 ex
507 3253 555 3302 lib.
575 3255 603 3302 ll
627 3254 698 3303 hunc
717 3255 805 3303 locum
824 3252 1053 3311 conrnemoravit,
1073 3257 1103 3300 ut
1122 3250 1313 3300 accusativum

170 3319 214 3369 vel
233 3321 428 3369 nominativum
446 3337 494 3384 pro
514 3321 635 3370 ablativo
655 3322 708 3370 dici
727 3322 846 3380 doceret,
866 3320 937 3370 unde
951 3322 1114 3369 certissuma
1133 3324 1175 3367 ost
1192 3318 1314 3367 Morceri

170 3388 337 3445 coniectura,
356 3392 432 3437 vicem
451 3404 499 3452 pro
517 3392 576 3440 vice.
597 3388 748 3452 quorllibri
767 3389 906 3447 cuilibeat,
925 3389 1098 3437 scribundum
1118 3401 1187 3435 osso.
1219 3386 1315 3434 Prima

169 3456 255 3505 verba
274 3471 344 3519 quae
363 3456 461 3505 vitioso
480 3457 507 3503 in
526 3456 603 3505 libris
622 3457 726 3521 scripta
744 3467 816 3515 sunt,
836 3459 911 3504 ruina
929 3472 993 3521 qetue
1011 3472 1074 3518 pars
1093 3460 1169 3503 recte
1183 3454 1313 3501 emendu-

169 3524 209 3573 vit
233 3523 322 3571 Color.
364 3524 536 3587 Quamquam
565 3525 655 3573 fatcor
679 3540 720 3572 rue
745 3541 827 3587 aegro
852 3524 1010 3572 desiderare
1036 3522 1213 3587 participium
1238 3520 1316 3569 vclrlt

168 3594 295 3639 aolrseiuti
312 3590 355 3638 vel
373 3594 450 3639 eaesi.
480 3591 625 3655 Ingeniosa
640 3593 759 3640 Kritzius
771 3592 841 3640 liaeo
855 3591 887 3639 de
902 3591 968 3654 iuga
983 3592 1164 3639 Romanorum
1182 3588 1216 3636 ad
1230 3587 1314 3637 Cisal·

170 3658 301 3707 codoucm
314 3658 392 3706 iacta
404 3658 479 3707 diota
492 3659 578 3707 fuisse
591 3659 746 3724 suspicatus
760 3667 810 3715 est,
823 3659 920 3707 ‹lirctns
933 3659 976 3706 his
990 3660 1058 3722 App.
1077 3657 1170 3706 verbis
1189 3656 1215 3702 b.
1228 3655 1265 3702 lli.
1281 3654 1312 3702 71

170 3743 196 3790 p,
215 3725 265 3773 380
282 3726 384 3773 Belle:
410 3723 525 3802 Νορὃος
549 3719 580 3775 δὲ
603 3717 619 3774 ὁ
643 3721 787 3791 ναύαρχος
811 3716 900 3774 αὐτοῦ
925 3725 1056 3787 (Cottae)
1081 3717 1133 3773 σὺν
1155 3717 1236 3839 piosa
1254 3719 1314 3771 τινὶ

170 3791 293 3855 στρατοῦ
315 3786 349 3841 τὰ
373 3782 537 3857 όχορωτατα
561 3792 611 3842 τοῦ
633 3792 737 3843 πεδίου
760 3786 930 3857 καταλαβών
958 3789 1007 3841 καὶ
1032 3783 1180 3853 disicias
1205 3783 1316 3853 ἔφυγεν

171 3853 218 3911 ἐπὶ
236 3854 287 3917 τὰς
304 3853 395 3917 πύλας
413 3859 462 3924 τῆς
480 3853 667 3925 Χαλκηδόνος
690 3854 739 3910 dael
760 3860 901 3938 &ptyadas
924 3858 1035 3909 πολλῶν
1058 3852 1136 3908 πάνυ
1159 3856 1314 3921 δυσχερῶς.

170 3919 251 3992 cippi
261 3943 290 3977 τε
303 3920 353 4004 τᾲς
372 3920 462 3986 πύλας
480 3919 607 3993 ὠθισμὸς
626 3916 662 3994 ἦν
681 3920 869 3994 ἒοπηὸωντων
882 3919 967 3992 ὁμοῦ·
988 3916 1061 3976 ὅθεν
1074 3917 1162 3976 οὐδὲν
1175 3928 1233 3982 τοῖς
1247 3918 1315 3973 διοί-

171 4010 270 4046 aevosa
288 3988 393 4052 αυτούς
412 3990 492 4059 βέλος
511 3986 620 4060 ἠτύχει.
657 3998 704 4045 Set
722 3997 744 4045 si
763 3996 968 4045 similitmlinenr
988 3995 1132 4057 quamdam
1149 3993 1314 4042 ultmnorurn

171 4064 315 4113 soritarum
333 4078 393 4110 cum
413 4063 587 4112 sallustianis
601 4064 710 4121 statuit,
731 4066 774 4113 vir
788 4064 970 4112 doctissumus
986 4062 1073 4110 falsus
1090 4066 1139 4109 est.
1170 4060 1316 4124 Appianas

170 4133 241 4181 enirn
262 4133 294 4179 de.
313 4130 486 4179 multitudiue
506 4137 562 4180 tam
580 4132 665 4193 densa
683 4131 760 4190 dixit,
780 4137 810 4180 ut
828 4130 931 4179 nullum
950 4129 1034 4178 telum
1046 4128 1247 4191 insequentium
1266 4127 1315 4176 ho-

171 4200 252 4247 stium
272 4201 374 4246 srrtstra
393 4198 544 4253 iaceretur,
570 4198 717 4246 Sallustius
736 4200 769 4246 ‹le
788 4200 828 4246 ita
847 4198 1002 4262 conpressis
1021 4203 1050 4244 ut
1069 4195 1170 4259 singuli
1190 4201 1238 4243 aut
1256 4197 1316 4243 suis

170 4267 290 4329 ipsorum
309 4271 356 4314 aut
373 4281 561 4328 proxumorum
580 4293 610 4300 -
631 4267 676 4330 qui
695 4267 787 4314 hostes
812 4281 873 4314 esso
897 4281 950 4313 non
975 4270 1089 4327 possunt
1113 4290 1143 4298 -
1169 4261 1233 4310 telis
1256 4262 1314 4311 vol·

171 4339 341 4381 uererentur.
378 4334 491 4380 mitius
515 4349 574 4381 οιιιιι
597 4333 707 4382 ultumis
731 4334 822 4384 verbis
847 4332 913 4381 salt
940 4331 1104 4379 martulisset
1127 4331 1212 4386 llaec,
1243 4344 1316 4392 quae

172 4401 244 4465 apud
262 4400 413 4464 Aqqiianum
433 4408 576 4449 secuntur:
601 4394 631 4449 οἵ
652 4394 685 4449 di
705 4397 799 4450 λοιποὶ
822 4392 1009 4464 pitorio-sois
1032 4414 1061 4448 τε
1080 4396 1173 4461 φίλων
1191 4392 1240 4446 καὶ
1260 4395 1318 4447 τῶν
