2768 5010
192 362 232 422 94
531 383 756 426 ararosrsavu
779 385 842 427 ma.
864 384 899 427 1-1
923 377 944 428 t.
963 375 990 427 2.

191 546 313 598 pugnare
337 532 441 598 coepit,
465 548 550 598 usquc
575 534 609 583 ad
628 532 708 592 illud,
735 549 787 598 qno
809 534 984 584 Mithridates
1008 533 1043 583 ab
1067 533 1178 583 Parthis
1202 532 1329 583 auxilium

191 608 286 666 petere
306 607 416 650 coactns
436 607 491 662 est,
517 617 669 651 enarrasse.
706 603 752 651 Sic
773 602 888 666 adparet
906 618 954 651 eas
973 618 1030 662 res,
1056 616 1123 665 quas
1147 602 1176 649 in
1199 600 1330 652 ulteriora

191 675 314 733 tempora
331 669 449 733 scriptor
466 676 625 734 persecutns
645 674 698 729 est,
718 675 779 734 post
797 685 858 728 eas,
879 685 949 734 quac
964 673 1047 718 antea
1061 667 1193 717 adfinem
1213 669 1328 719 adactae

191 737 282 796 triers,
302 737 460 787 conlocatas
480 738 579 797 fuisse,
599 738 731 800 simulque
750 738 791 786 ita
809 735 967 786 Sallustium
985 741 1094 801 optume
1113 736 1167 785 sibi
1185 738 1327 786 transitum

190 804 331 868 paravisse
352 805 386 854 ad
405 820 453 853 eas
471 821 515 854 res
533 805 579 853 lib.
600 805 623 854 V
642 805 825 863 enarrandas,
851 805 948 869 quibus
967 807 1019 855 Gn.
1039 805 1185 868 Pompeius
1208 805 1237 853 in
1259 820 1326 854 suma

190 888 261 921 nrum
280 872 420 937 potentiae
439 873 580 937 fastigium
599 878 712 922 evectus
731 878 780 920 est.
812 872 940 921 Ceterum
960 871 1054 936 procul
1074 872 1168 921 absum
1188 872 1223 921 ab
1243 888 1278 922 es
1290 874 1327 921 in-

190 941 334 1003 pudentia.
353 945 384 988 nt
402 939 472 990 baec
490 957 539 1004 pro
558 941 641 989 certis
661 940 802 990 venditare
818 940 918 997 ausim,
939 956 973 989 ea
985 944 1091 989 tantum
1103 955 1240 1004 propono,
1260 956 1326 1004 quae

189 1007 254 1055 mibi
272 1008 336 1056 boni
356 1013 383 1056 st
401 1009 593 1073 circumspecti
611 1024 699 1056 rorum
718 1008 858 1072 scriptoris
877 1008 962 1057 luisse
982 1007 1153 1057 sulcantur.-

276 1150 287 1199 1
314 1141 373 1222 [lin.
390 1151 430 1201 ¹2⁶2.
454 1148 483 1201 o.
499 1141 539 1222 l].
583 1144 619 1203 Hi
642 1144 776 1223 locorum
790 1146 929 1222 pugnari
953 1150 981 1202 ct
1001 1141 1077 1202 soliti
1093 1150 1212 1203 nactura
1236 1163 1271 1203 cx
1288 1146 1325 1204 si·

188 1243 315 1305 minibus
338 1262 405 1303 rasa
427 1245 569 1322 agrestia,
599 1243 638 1304 ibi
659 1251 735 1312 turn,
766 1244 846 1321 quod
867 1245 965 1325 inopia
985 1252 1138 1304 scutormn
1160 1245 1271 1315 irrorat,
1294 1265 1324 1305 ea

188 1354 250 1404 arte
270 1364 301 1404 se
325 1346 448 1423 quisquc
469 1346 497 1405 in
521 1344 645 1405 lotitiam
666 1363 786 1423 parmae
809 1346 953 1423 cqttestris
974 1351 1079 1422 clupeo
1098 1346 1242 1407 seruabat.

271 1463 340 1512 Non.
360 1479 386 1527 p.
405 1460 467 1512 381:
490 1463 586 1512 Parma
603 1471 641 1513 cst
659 1472 753 1514 seratam
771 1464 853 1535 bpcoc.
896 1465 1030 1514 Sallustius
1050 1464 1119 1514 Hist.
1144 1464 1186 1514 tit.
1206 1465 1275 1514 llll:
1298 1464 1323 1513 bi

186 1528 306 1579 locorum
325 1531 466 1595 perignari
484 1527 563 1594 [reete
582 1533 669 1581 Darasa
686 1529 825 1597 pergnsri]
846 1538 873 1582 st
892 1560 923 1565 -
943 1532 1057 1581 fueread
1076 1547 1110 1582 ea
1123 1537 1183 1582 arte
1203 1528 1323 1601 [ea'aree

184 1604 267 1661 patae.
289 1613 350 1646 eam
369 1614 460 1647 arcem
480 1597 545 1647 1480
563 1599 593 1648 A.
615 1615 662 1649 cas
682 1604 755 1649 artes
774 1601 875 1662 Dousu,
895 1599 987 1648 suerat
1000 1599 1034 1649 ad
1048 1615 1110 1649 eam
1124 1606 1211 1649 artem
1226 1600 1323 1652 Carrio.

187 1665 279 1713 fuerat
302 1665 336 1714 ab
360 1680 394 1714 ea
418 1672 476 1715 arte
498 1666 596 1721 Ursis..
617 1668 721 1728 fuerat,
747 1683 781 1716 ea
800 1673 859 1716 arte
879 1665 972 1732 Mera]
992 1695 1023 1701 --
1042 1693 1074 1701 —-
1099 1667 1213 1718 formam
1232 1683 1324 1734 parrae

185 1733 319 1796 equestris
339 1729 385 1797 [sie
402 1733 474 1789 titt-u
491 1741 562 1784 reete
580 1736 639 1784 edd.
658 1751 771 1800 parmae
792 1731 935 1799 equestris]
956 1735 1090 1785 armabat.

270 1851 312 1948 *2
336 1850 396 1933 [lis.
413 1859 454 1911 23.
483 1857 511 1912 d.
529 1852 569 1934 5].
614 1852 697 1914 Coria
727 1871 831 1914 reeens
858 1853 987 1914 detracta
1016 1855 1097 1933 qnasi
1119 1852 1232 1930 glutino
1256 1855 1324 1914 aeltr-

184 1952 342 2014 lescebant.

268 2073 344 2123 Serv.
364 2072 398 2122 ad
418 2073 499 2139 Verg.
520 2075 569 2125 Ge.
589 2074 631 2124 Ill
651 2072 712 2122 155:
738 2072 913 2124 ‘Sotereeeas
936 2075 1022 2128 orto’:
1044 2078 1137 2124 statim.
1175 2074 1323 2124 Sallustius:

183 2141 259 2190 coria
276 2156 373 2191 recens
391 2140 518 2191 detracta
532 2141 621 2195 ueluti
640 2141 744 2206 glutino
762 2140 815 2207 {sic
832 2139 925 2206 codd]
944 2141 1151 2192 adolescebant.
1183 2143 1224 2192 ld.
1245 2143 1279 2192 ad
1291 2144 1321 2190 Α.

183 2208 233 2257 l'Il
246 2207 308 2257 11321
329 2208 456 2272 ‘Salipnas
474 2209 600 2260 umbonum
619 2212 727 2271 erates',
746 2216 772 2257 ut
791 2211 851 2259 dicit
870 2209 1006 2257 Sallustius
1024 2212 1056 2258 de
1075 2211 1200 2267 Lateuais,
1227 2210 1272 2275 qui
1290 2210 1322 2257 de

182 2276 283 2325 vinrins
302 2276 378 2326 saeta
396 2283 475 2325 scuta
494 2277 650 2326 recentibus
669 2280 678 2335 [
684 2278 715 2326 V.
735 2274 842 2342 reeens]
868 2277 1001 2326 detractis
1020 2278 1101 2326 coriis
1120 2278 1198 2341 quasi
1217 2278 1322 2343 glutino

183 2342 380 2393 adolescebant
399 2341 491 2408 [Guels.
512 2345 633 2394 1.11.1t.
654 2346 727 2407 Lips.
746 2351 771 2394 et
790 2349 822 2394 at.
842 2351 937 2395 tantum
959 2351 1036 2395 scuta
1062 2345 1143 2394 coriis
1167 2345 1320 2409 tegebant}

182 2409 304 2476 Pbilarg.
325 2411 360 2460 ad
378 2411 459 2476 Verg.
482 2412 530 2461 Ge.
554 2410 655 2462 111501
682 2413 786 2469 Gtuten,¹
807 2413 848 2462 laic
869 2415 961 2477 platea.
998 2412 1133 2463 Sallustius
1156 2420 1254 2462 autem:
1277 2412 1321 2461 bie

182 2477 288 2539 plutino
307 2478 493 2528 adolescebat.
525 2479 631 2530 Charis.
645 2497 672 2545 p.
685 2480 733 2529 88:
752 2496 824 2546 quma
842 2481 1031 2530 declinationem
1050 2482 1183 2530 Sallustius
1200 2482 1322 2547 sequitur.

181 2562 234 2595 cum
247 2548 325 2615 lll⁶¹l²
346 2546 424 2610 quasi
443 2546 546 2612 glutino
566 2547 771 2597 adolescebant.
808 2548 848 2596 ld.
868 2565 894 2613 p.
916 2546 1081 2614 ldifitaque
1099 2549 1235 2598 Sallustius
1252 2551 1323 2597 istius

177 2617 264 2676 potius
287 2615 462 2665 declinationis
485 2632 552 2664 usum
573 2623 674 2666 secutus
697 2615 802 2680 glutino
825 2617 906 2680 iuquit
930 2615 1140 2678 adolescebant,
1169 2622 1197 2664 ut
1219 2617 1322 2680 patrata,

177 2696 303 2744 prueauo.

264 2783 310 2832 Fr.
332 2783 343 2831 l
365 2791 391 2833 et
409 2786 424 2832 2
443 2785 506 2849 quin
526 2784 560 2834 ad
579 2785 694 2835 carrdem
712 2801 768 2834 rem
787 2786 985 2849 spectaverint,
1011 2800 1064 2834 non
1084 2785 1194 2834 dubium
1213 2791 1269 2846 est,
1297 2786 1320 2834 si

181 2850 288 2912 quidem
307 2851 380 2901 Flor.
399 2851 509 2913 118,6;
529 2854 695 2917 aalfluentibus
712 2855 737 2902 ia
755 2855 810 2902 dies
827 2854 907 2916 copiis
924 2869 978 2901 aaran
995 2855 1043 2901 ium
1061 2860 1127 2902 esset
1146 2857 1226 2901 iustus
1239 2840 1320 2902 imer-

180 2921 256 2972 citus,
280 2935 294 2968 e
317 2921 444 2970 viminibus
464 2924 635 2986 pecudumque
653 2925 801 2984 tepurncalis
824 2922 966 2970 inconditos
988 2921 1038 2969 sibi
1059 2922 1165 2983 clipeos.
1190 2936 1226 2969 aa
1244 2922 1321 2983 ferro

180 2991 361 3048 erpasmtarum
379 2996 480 3038 recceto
496 2991 597 3053 placitos
614 3006 645 3038 ae
663 2995 714 3037 teta
729 2990 855 3051 fecerunt.
887 2988 1009 3037 Frontin.
1024 2989 1106 3037 Strat.
1127 2988 1176 3047 17,
1190 2988 1218 3036 lt:
1240 2989 1321 3050 Spar·

179 3059 237 3103 laec
255 3062 383 3121 copiasque
401 3060 453 3106 ciras
470 3064 542 3105 sarda
560 3073 594 3106 ea:
612 3061 699 3105 simiae
719 3059 835 3114 litcmmt,
860 3072 923 3121 qrrac
947 3058 1024 3104 coriis
1048 3055 1204 3119 tepetammr.
1242 3056 1273 3105 ld
1292 3056 1320 3103 in

180 3121 305 3172 lurconis
323 3125 426 3174 factum
452 3141 511 3173 esse
536 3140 623 3187 neque
648 3123 741 3172 statim
764 3129 826 3188 post
848 3124 955 3171 initium
975 3123 1041 3172 belli
1059 3122 1179 3183 servilis,
1207 3139 1241 3171 cx
1259 3122 1319 3172 loco

179 3190 254 3240 Serv.
276 3193 310 3240 ad
328 3193 410 3257 verg.
430 3193 461 3240 Α.
481 3191 600 3240 1111132
620 3193 748 3256 adparet,
768 3207 855 3255 neque
874 3191 967 3240 obstat
986 3191 1054 3254 qtrrul
1074 3190 1171 3239 Florus
1191 3196 1256 3239 unte
1275 3207 1320 3240 res

179 3258 214 3306 ab
233 3262 367 3323 Spatrtaco
387 3266 479 3325 gestas
504 3260 638 3317 narravit,
664 3274 724 3308 cnm
748 3265 842 3323 aperte
867 3275 935 3323 (pirae
959 3259 987 3306 in
1012 3259 1133 3316 exercitu
1158 3258 1318 3312 instituerit.

178 3341 284 3391 qrroqnc
303 3328 381 3377 modo
400 3344 429 3375 se
448 3328 500 3375 dux
520 3328 650 3391 gesserit,
670 3328 737 3391 ipsis
757 3327 838 3375 factis
856 3327 1075 3390 praemittantur.
1107 3326 1168 3386 Qun
1181 3341 1209 3373 re
1224 3342 1318 3389 quarn*-

178 3409 257 3458 quam
277 3396 310 3445 de
330 3397 412 3445 arinis
430 3396 535 3460 paratis
554 3396 636 3444 etiarn
648 3395 694 3443 lib.
708 3394 748 3443 lll
761 3394 862 3443 dictum
874 3395 959 3442 fuisso
980 3409 1012 3442 ex
1031 3393 1180 3457 fragmenti
1192 3393 1224 3440 bt
1239 3394 1319 3441 initio

178 3463 331 3528 conligitnr,
352 3471 444 3513 tamen
463 3462 529 3511 nibil
549 3468 605 3520 est,
630 3477 677 3510 cnr
701 3462 772 3526 npnd
790 3462 906 3510 Nonium
930 3462 957 3510 in
982 3476 1093 3510 nurnero
1116 3461 1177 3508 libri
1197 3468 1318 3509 erratum

178 3545 238 3581 esse
253 3547 422 3581 censeamus.
454 3532 501 3580 Set
519 3531 547 3579 in
566 3531 664 3595 fragm.
687 3529 697 3577 l
718 3530 809 3578 t'ateor
826 3546 868 3578 me
882 3544 934 3578 non
948 3530 1101 3593 percipere,
1121 3543 1174 3592 qno
1192 3528 1271 3577 modo
1289 3544 1319 3578 sc

176 3603 201 3647 la
216 3601 324 3662 sar-mam
342 3615 446 3664 parmae
464 3600 589 3664 eqrrcstris
607 3597 721 3646 tumulat
740 3601 816 3646 recte
834 3596 949 3646 dicatur.
980 3598 1049 3649 Nam
1064 3597 1116 3645 etsi
1129 3596 1241 3662 liberius
1255 3611 1319 3644 earn

176 3667 321 3716 formulam
344 3673 502 3732 usurpatam
522 3682 582 3715 csse
606 3671 715 3714 constat
736 3667 827 3727 (Suet.
853 3663 912 3713 Cal.
935 3664 979 3714 ltt:
1002 3666 1196 3728 superiectoque
1219 3679 1318 3727 appare.
1378 3668 1381 3674 '

175 3741 280 3784 lemano
303 3752 334 3785 ae
356 3737 454 3785 directo
479 3739 503 3783 ia
521 3735 625 3797 Appiae
649 3735 703 3782 niae
719 3734 836 3794 tbrmuar.
878 3733 945 3781 Tac.
970 3733 1005 3781 ab
1025 3748 1083 3781 exer.
1104 3732 1130 3779 d.
1148 3733 1179 3780 ll.
1200 3731 1249 3780 XV
1267 3732 1317 3780 24:

175 3805 253 3867 lepatt
272 3805 421 3852 Parthorum
440 3805 561 3851 mandata
577 3807 647 3865 repis
669 3803 802 3864 Votopests
820 3803 968 3865 litterasque
986 3804 1011 3849 in
1029 3801 1134 3850 eoadem
1150 3800 1259 3859 sormam
1276 3807 1318 3848 ul-

175 3870 281 3935 tutere).
301 3880 393 3920 tamen
413 3887 464 3935 qno
477 3871 565 3919 minus
583 3869 649 3917 illud
668 3869 786 3928 seratur,
805 3869 875 3917 ratio
894 3868 1000 3927 obstat,
1021 3868 1147 3931 quoniam
1165 3883 1194 3916 se
1212 3883 1318 3916 armare

175 3939 198 3986 is
216 3945 322 3988 tanturn
340 3940 449 3998 dicitnr,
469 3939 514 4002 qni
534 3937 624 3997 aruris,
643 3952 697 3986 non
716 3935 809 4001 aliquo
829 3951 962 3985 armorum
981 3951 1083 4000 goncrc
1102 3950 1130 3983 se
1147 3935 1266 3992 instruit,
1288 3941 1318 3983 et

175 4006 263 4055 forma
282 4022 416 4055 armorum
435 4007 554 4070 gestaris,
573 4020 627 4053 nam
646 4004 762 4053 bominis
782 4008 835 4063 cst,
861 4005 915 4052 nisi
938 4004 1009 4053 omni
1033 4003 1131 4052 babitu
1155 4003 1181 4051 ei
1205 4003 1317 4066 species

175 4075 309 4138 quaedam
328 4076 409 4123 datur
427 4075 512 4134 (recte
531 4073 680 4121 ‹liceretnrt
700 4088 801 4122 armare
819 4073 968 4134 informem
985 4075 1068 4120 ruilitis
1084 4074 1206 4134 areperti,
1226 4073 1252 4118 ia
1264 4083 1317 4118 mo-

174 4145 230 4190 dum
243 4141 353 4207 aperitis).
376 4142 454 4191 l'nde
465 4141 531 4189 mibi
541 4141 649 4189 vidctnr
660 4141 796 4189 excidisse
808 4141 880 4204 apud
892 4140 1002 4188 Nonium
1015 4139 1088 4195 illud,
1104 4139 1137 4187 ad
1148 4137 1217 4202 quod
1227 4138 1317 4187 uerba

173 4215 198 4257 ia
213 4212 321 4272 scamma
337 4225 444 4273 parmae
462 4215 587 4273 earaestm's
599 4207 688 4256 relata
703 4212 802 4256 essent.
833 4208 891 4256 larn
906 4208 1052 4271 fragmenti
1073 4206 1185 4255 alterius
1199 4205 1317 4255 sormam

174 4292 346 4327 cumrerum
366 4270 440 4333 esse,
466 4291 545 4341 qnam
565 4277 640 4324 Serv.
660 4276 695 4324 od
713 4276 794 4339 l'erg.
817 4277 865 4324 (lc.
886 4276 926 4324 111
947 4274 994 4323 155
1018 4274 1166 4323 memorias
1189 4273 1317 4332 tradidit,

173 4343 257 4393 facile
279 4344 456 4408 intellegitur,
478 4345 499 4391 si
519 4344 625 4407 «pridem
643 4343 737 4396 verba.
759 4341 1029 4392 clastidium
1051 4340 1140 4390 relata
1159 4346 1230 4401 sunt,
1250 4356 1316 4391 con·

173 4413 351 4462 clausionem
375 4427 484 4477 prorsus
506 4426 665 4476 perversam
688 4411 824 4476 praebent
847 4410 978 4475 sinmlqne
1002 4410 1065 4459 libri
1084 4409 1166 4459 multo
1186 4408 1318 4460 breviora
