2768 5010
197 341 237 404 te
545 362 847 407 conueurarronuu
867 362 938 407 cae.
961 362 996 404 11.

196 516 284 578 disse,
315 526 343 574 et
369 518 457 573 oratio
479 526 553 575 reete
582 537 611 575 se
638 518 748 576 habebit
777 536 865 594 nequo
886 534 930 574 res
955 515 1004 573 ulli
1031 516 1194 573 dubitationi
1224 516 1340 574 obnoxia

197 619 250 675 erit
268 611 299 692 ¹).

282 720 456 777 Admirabilia
478 739 562 796 porro
584 731 664 787 sunt,
693 739 761 797 quac
783 722 839 778 Cat.
861 728 946 783 231
969 720 1112 795 leguntur,
1136 719 1168 776 G.
1193 719 1341 776 Cornelius

195 838 283 895 eqnes
303 823 453 879 Romanus
477 839 596 896 opernm
618 840 701 881 suern
719 825 865 897 pollicitus
890 831 918 879 et
945 839 1010 880 cnm
1034 838 1068 880 eo
1087 823 1119 879 L.
1146 818 1341 894 Varpnnteins

194 931 313 982 senator
333 928 506 982 constituere
527 942 562 983 en
584 934 666 985 nocte
688 928 776 999 panlo
794 934 947 999 postcom
970 923 1093 981 armatis
1113 925 1276 980 bominibus
1301 925 1338 979 si·

195 1030 256 1085 enti
273 1029 429 1085 salutatum
447 1030 568 1086 introire
590 1030 630 1085 nd
652 1029 816 1086 Ciceronem
835 1046 870 1085 oc
888 1030 923 1084 de
940 1029 1086 1099 inproviso
1107 1024 1185 1083 domi
1203 1040 1275 1081 snae
1296 1027 1337 1081 in·

192 1137 332 1202 paratum
354 1130 518 1202 confodere.
562 1130 630 1199 Quid
659 1132 749 1187 cuim?
775 1129 815 1187 illi
842 1129 965 1187 homines
994 1139 1048 1185 mm
1073 1128 1165 1186 stolidi
1189 1128 1283 1191 luere,
1309 1135 1340 1183 ut

194 1250 256 1289 eum
278 1233 388 1289 armatis
410 1232 444 1288 ad
465 1232 622 1306 Ciceronem
648 1233 763 1289 introire
787 1241 923 1290 ettamen
946 1231 1136 1288 salutationem
1159 1249 1188 1287 sc
1210 1228 1339 1285 simulare

195 1352 277 1410 posse
304 1334 464 1389 crederent?
503 1333 574 1407 (Cir.
599 1334 690 1409 llageu
719 1335 737 1391 l.
764 1354 787 1392 c.
818 1355 845 1410 p.
874 1342 891 1397 6
916 1334 995 1407 exte)
1041 1328 1108 1401 Ouid
1133 1332 1236 1407 porro?
1266 1332 1338 1387 itane

196 1436 336 1493 vecordem
365 1435 524 1491 Sallustium
553 1437 641 1493 credis
670 1437 768 1500 luisse,
795 1446 827 1494 ut
855 1445 907 1493 tani
937 1437 1028 1511 inepta
1057 1451 1167 1491 narrare
1197 1433 1339 1508 potueritl

196 1537 321 1606 Quamvis
340 1537 368 1593 in
388 1537 448 1621 aliis
467 1537 549 1612 longe
571 1538 604 1595 ab
627 1538 756 1615 Sabastio
770 1540 934 1614 discrepent,
956 1546 1046 1595 tamen
1067 1536 1154 1593 multo
1175 1534 1339 1609 prudentius

195 1656 254 1696 eam
280 1656 337 1696 rem
365 1649 511 1696 narrarunt
538 1639 652 1714 dppian.
693 1641 719 1697 b.
748 1659 771 1698 e.
799 1641 860 1702 113
885 1660 911 1716 p.
933 1647 986 1702 538
1012 1638 1092 1696 ttekk.
1125 1631 1260 1694 Λέντλον
1284 1629 1339 1711 pir

194 1727 286 1799 αδτδν
307 1735 359 1799 καλ
380 1735 519 1817 Κέθηγον
540 1734 715 1818 ἐφεδρεῦσαι
737 1743 802 1814 ταῖς
817 1736 985 1818 Κικέρωνος
1003 1733 1114 1816 θύραις
1130 1732 1198 1814 περὶ
1214 1732 1254 1795 ἔνι
1266 1724 1340 1812 μετὰ

196 1836 408 1921 κεκρυμμένων
424 1838 573 1916 ξιφιδίων,
589 1835 778 1919 ἐσδεχθέντας
796 1838 828 1902 δὲ
846 1830 895 1901 διδ
910 1833 964 1918 τὴν
974 1829 1095 1913 ἀξίωσιν
1109 1835 1159 1899 καὶ
1176 1839 1339 1910 λαλοῦντας

194 1931 279 2019 ὁτιδὴ
292 1941 426 2021 μηκῦναι
448 1931 504 2019 τὴν
519 1932 640 2020 ὁμιλίαν
661 1940 694 2003 έν
717 1935 869 2025 περιπάτῳ
892 1940 943 2003 καὶ
964 1946 1078 2003 κτεῖναι
1099 1933 1339 2018 περισπάσαντας

192 2035 253 2105 einis
269 2045 329 2106 τῶν
348 2036 496 2122 ἅλλων,οῑ
511 2046 583 2104 ΡΙιιῑ.
602 2049 654 2108 Cic.
680 2056 713 2112 16
730 2039 876 2124 Μάρκιον
891 2041 922 2105 δέ
940 2041 991 2105 καὶ
1004 2041 1145 2123 Κέθηγον
1169 2038 1272 2103 ἐλθεῖν
1289 2037 1338 2101 leel

193 2142 246 2221 τοὶς
267 2140 366 2228 θδρας
386 2143 482 2209 έοθεν
502 2135 540 2219 ὦς
560 2135 784 2226 ἀσπασομένους
805 2137 856 2207 τὸν
873 2144 1027 2226 Κικέρωνα
1047 2143 1098 2207 καλ
1120 2135 1338 2224 διαχρήσασθαι

193 2242 413 2329 προσπεσόντας
439 2251 505 2323 (eir.
527 2262 668 2326 praeterea
688 2254 760 2310 Cass,
782 2254 829 2310 bio
851 2253 961 2310 XXXVll
982 2252 1035 2326 32).
1075 2251 1140 2308 Cum
1162 2251 1213 2306 iam
1237 2248 1337 2306 librum

193 2358 226 2413 de
250 2357 378 2413 Catilinae
405 2354 594 2413 coniuratione
616 2356 697 2412 etiam
719 2353 779 2412 aliis
801 2356 868 2413 locis
891 2354 1015 2411 mutilum
1037 2371 1096 2411 csse
1118 2353 1336 2427 cognoverimus,

194 2459 327 2514 iniuriaue
346 2457 510 2530 scriptorem
532 2458 643 2513 summis
666 2458 776 2532 ineptiis
794 2457 910 2514 liberare
934 2457 1091 2518 videbimur,
1111 2456 1133 2513 si
1155 2455 1287 2513 excidisse
1310 2456 1336 2511 in

194 2561 253 2616 eius
272 2559 348 2615 libris
372 2559 557 2621 statuerimus,
586 2560 658 2633 tpuod
682 2560 713 2615 ad
736 2577 816 2634 ‹puetn
842 2578 919 2616 risum
947 2557 987 2614 illi
1010 2558 1149 2615 lioiiiiuum
1170 2566 1337 2613 armatorum

193 2669 351 2717 comitatum
371 2659 583 2733 postulavissent
604 2662 775 2717 contineret?

279 2763 334 2817 Cat.
356 2767 406 2824 3⁸2,
429 2770 441 2821 l
463 2779 525 2817 eum
545 2764 629 2818 ceteri
652 2763 771 2819 editores
794 2771 850 2819 tum
873 2780 924 2836 ego
945 2762 1069 2818 certatim
1091 2779 1142 2818 nos
1161 2761 1292 2817 torsimus
1310 2761 1336 2816 in

192 2863 370 2921 deienduudis
398 2871 480 2937 atque
500 2865 664 2938 explicandis
686 2863 774 2919 serbis
798 2880 889 2938 neque
917 2863 1041 2921 insidiae
1068 2865 1179 2939 consoli
1194 2864 1337 2935 procede-

193 2968 276 3035 bant,
307 2973 349 3022 set
375 2966 483 3021 frustra.
521 2966 586 3022 Nam
610 2967 665 3021 sive
687 2965 792 3022 dativus
821 2967 855 3024 ab
879 2966 1048 3022 substantivo
1075 2967 1192 3040 peridere
1214 2973 1335 3039 putatur.

194 3067 357 3125 insolentior
373 3069 542 3123 constructio
565 3078 621 3131 est,
645 3069 707 3142 «piria
730 3067 852 3125 insidiae
872 3086 926 3124 tion
949 3067 983 3123 ab
1005 3069 1138 3125 insidiari
1158 3067 1282 3128 ducitur.
1305 3075 1336 3123 ut

193 3174 366 3226 intercessor
384 3169 418 3225 ab
438 3171 625 3238 intercedere,
647 3172 850 3243 obtentperntio
867 3171 900 3226 ab
916 3172 1121 3243 obtemperare,
1144 3168 1245 3225 relicua
1267 3186 1336 3243 quae

192 3291 253 3330 cuin
280 3272 332 3329 hec
366 3270 426 3327 loeo
453 3288 634 3346 ciinparavere
662 3272 767 3346 lirttger
793 3274 837 3328 tir.
864 3273 909 3328 lat.
939 3273 966 3344 3.
996 3279 1047 3334 36¹2
1076 3280 1132 3329 ιιοῑ.
1161 3290 1187 3346 p.
1214 3257 1335 3344 482'sq.

193 3373 390 3430 Weissenborn
411 3372 456 3427 Gr.
480 3371 525 3427 lat.
550 3374 576 3444 S.
593 3382 646 3435 303
671 3391 696 3428 n.
720 3381 745 3437 3,
764 3376 819 3429 sive
834 3377 866 3430 ad
889 3375 1000 3431 verbum
1018 3374 1178 3430 reimundus
1199 3381 1335 3435 cernetur,

193 3477 265 3532 verbi
284 3476 445 3548 procedere
469 3492 534 3530 iistis
559 3475 663 3538 obstat,
693 3494 753 3532 cum
781 3494 835 3550 spuo
864 3476 969 3532 dativus
995 3476 1102 3533 inuictus
1125 3492 1258 3548 nusquam
1281 3491 1335 3529 non

192 3578 325 3651 significat
346 3595 416 3637 cunt,
431 3577 474 3632 cui
497 3576 597 3650 aliquid
621 3577 715 3634 utilem
737 3587 764 3633 et
786 3578 888 3634 bouum
910 3596 1064 3635 successum
1088 3578 1194 3636 babeat,
1216 3576 1336 3632 tructiuu

191 3688 219 3736 et
235 3680 380 3735 utilitatem
395 3679 532 3753 praebeat,
552 3696 602 3735 nec
622 3689 694 3736 recte
716 3689 882 3753 conparatur
897 3681 989 3740 inne
1009 3678 1131 3737 insidias
1147 3681 1260 3734 consedi
1276 3696 1335 3733 nan·

191 3789 295 3844 tierent,
318 3782 445 3855 quitriiam
467 3780 492 3836 iu
510 3787 659 3837 mntnrnre
682 3790 752 3837 inest
772 3782 849 3838 notio
873 3790 977 3839 uiatore
1000 3782 1130 3857 parandi,
1159 3797 1247 3853 neque
1270 3798 1336 3836 con·

192 3885 256 3940 ferei
279 3891 411 3957 possuut,
436 3883 468 3939 dc
493 3884 592 3957 qtiibus
617 3884 765 3959 disputavit
786 3884 897 3957 iladvig.
920 3884 964 3939 tir.
989 3883 1035 3939 lat.
1059 3885 1086 3953 8.
1107 3890 1154 3942 aet
1180 3882 1240 3937 adn
1264 3876 1334 3954 2²).

191 3985 243 4040 lam
267 3987 312 4058 qui
332 3993 455 4041 naturam
471 3985 601 4043 librorum
622 4004 702 4043 inattu
716 3964 880 4061 scriptiirum
900 3986 1012 4046 iioverit,
1031 4003 1085 4040 ιιοιι
1105 3983 1248 4044 dubitabit,
1269 3984 1335 4058 quiin

228 4149 251 4214 l)
264 4150 338 4200 Nihil
352 4151 379 4199 in
391 4150 612 4216 linoqunestione
625 4152 747 4201 tribuen·
808 4151 839 4215 2)
863 4151 903 4201 Nc
929 4151 989 4216 quis
1014 4151 1136 4216 obponat
1154 4150 1211 4199 Atti
1231 4150 1264 4199 ir.
1284 4148 1335 4198 ‘lld

191 4234 254 4283 dum
277 4250 336 4285 ense
360 4235 386 4285 ei
410 4236 464 4297 roi,
488 4237 559 4300 quod
583 4239 610 4286 iu
628 4235 657 4302 g*
682 4244 746 4287 ante
775 4235 817 4285 ed.
838 4236 918 4285 Ribb.
942 4240 1033 4285 miritae
1052 4238 1160 4285 insidiae
1177 4241 1235 4283 snnt
1253 4234 1333 4288 δοιιλσ,

190 4336 222 4369 eu
239 4337 268 4369 re
287 4336 382 4369 rosiers
401 4324 456 4382 est,
478 4323 524 4370 vix
543 4328 584 4372 est
603 4320 674 4386 qnod
692 4337 747 4370 mo·
774 4336 870 4370 moneo
896 4320 977 4385 longe
1003 4320 1078 4370 aliud
1097 4335 1157 4370 esse
1176 4318 1248 4384 quod
1267 4318 1335 4369 mibi

191 4419 281 4455 neaui.
774 4407 820 4468 sit,
840 4421 920 4470 qnam
939 4405 1010 4470 quod
1029 4405 1096 4455 mihi
1114 4404 1255 4470 procedet.
