2768 5010
134 416 138 423 .
159 357 219 419 102
458 373 685 419 nrsromanru
708 375 771 416 ms.
792 374 824 415 ιν
845 362 976 418 ie-tt.

158 546 185 594 p.
203 527 267 577 sot:
287 528 405 576 Pelorum
419 528 619 590 promunturium
637 524 746 575 Siciliae
758 525 899 588 respiciens
917 525 1074 589 Aqruiionem
1093 521 1229 572 seeundum
1247 517 1300 568 Sal-

158 599 256 647 betium
278 596 369 644 dietum
392 610 409 644 a
428 593 601 658 ynbernatore
618 593 774 642 Hannibalis
798 594 849 641 iilic
865 595 974 656 sepulto.
1011 592 1053 640 De
1072 606 1101 639 re
1120 589 1172 639 eir.
1191 587 1257 638 Mel.
1275 588 1300 636 11

159 663 184 725 7,
206 662 244 713 15.
270 662 331 712 Vel.
351 663 425 712 Max.
444 662 481 710 lx
499 660 524 721 8,
546 660 569 710 1.
596 661 695 710 Strabo
712 662 726 710 Ι
744 676 771 724 p.
791 659 831 719 12,
850 658 881 708 21
902 664 931 708 et
947 659 989 709 111
1007 675 1033 723 p.
1053 657 1113 721 232,
1131 656 1166 705 24
1183 656 1267 705 Mein.

246 797 310 857 *25
333 796 392 877 [lir.
412 804 454 854 et.
478 800 507 854 G.
524 795 583 875 35].
616 795 653 855 ll.
674 794 783 856 Lollius
798 777 971 862 Palicanus,
987 792 1089 853 bannili
1105 792 1172 853 laco
1189 791 1300 859 Picens,

160 896 268 979 loquax
289 900 383 976 stragis
403 917 491 978 quam
516 897 670 960 facundus.

246 1017 340 1078 Quint.
360 1018 378 1065 i.
399 1034 422 1065 o.
443 1016 482 1066 1v
498 1018 523 1075 2,
543 1016 572 1064 2:
598 1014 728 1065 Haereat
746 1021 872 1065 narratio.
897 1040 929 1048 -
947 1041 981 1049 -
1006 1014 1061 1062 Non
1085 1017 1150 1061 enirn
1167 1016 1246 1062 solam
1264 1030 1301 1062 uo·

162 1088 215 1135 lunt
232 1100 288 1134 esse
305 1086 371 1134 illam
390 1088 491 1147 neuotii,
511 1085 542 1133 de
562 1100 609 1150 quo
628 1086 699 1148 apud
715 1086 811 1133 iudices
829 1085 968 1149 quaeritur,
987 1083 1174 1145 expositionem
1187 1082 1237 1129 sed
1245 1096 1302 1145 per·

160 1168 248 1210 sonae,
267 1159 293 1201 ut
312 1153 348 1200 bl.
368 1152 473 1200 Lollius
492 1179 524 1185 —
543 1152 687 1201 secundus.
726 1151 796 1201 Gell.
815 1151 848 1200 N.
862 1151 894 1199 A.
909 1150 922 1199 I
937 1150 975 1209 15,
991 1149 1034 1197 1⁶2:
1054 1149 1190 1210 Eupolidis
1208 1164 1303 1264 quasue

160 1236 247 1270 uersus
259 1222 291 1269 de
305 1221 333 1269 ia
341 1236 420 1284 oenus
432 1219 568 1269 lanuinibus
580 1221 795 1283 eonsiqnatissitne
805 1219 892 1279 fautus
904 1225 958 1267 est:
976 1217 1074 1266 λαλεῖν
1088 1211 1218 1279 ἄριστος,
1236 1230 1255 1263 u
1276 1231 1303 1263 o-

162 1279 322 1351 vuruiraroe
346 1281 454 1350 λέγειν,
479 1288 547 1351 quo'd
564 1285 698 1335 Sallustius
722 1293 810 1336 noster
832 1289 927 1334 imitari
943 1290 1028 1334 notens
1046 1284 1185 1334 adscribit:
1209 1283 1305 1347 loquax

162 1359 188 1405 in
207 1357 242 1404 uit
261 1356 350 1419 inagis
369 1369 449 1417 quam
469 1354 613 1403 iucundus.
652 1354 718 1403 Cum
738 1355 773 1402 Μ.
792 1353 913 1403 Lollium
931 1352 1092 1401 Palicanum
1112 1356 1221 1400 constet
1235 1367 1259 1399 a.
1274 1349 1304 1397 71

162 1423 197 1471 tri
219 1458 224 1470 .
245 1421 336 1487 plebei
355 1421 485 1486 Pompeio
504 1421 532 1469 in
551 1421 678 1470 contione
699 1422 733 1470 ad
746 1421 874 1486 populum
887 1421 999 1469 dicendi
1018 1423 1186 1484 potestatem
1205 1418 1304 1467 secisse

164 1490 288 1554 (praeter
305 1503 352 1538 eos
372 1505 439 1552 quos
458 1489 512 1537 inm
531 1489 653 1538 Kritzius
672 1489 806 1544 laudavit,
829 1489 935 1552 Zumpt.
957 1488 991 1536 ed
1011 1487 1069 1535 Cic.
1090 1488 1117 1535 in
1136 1487 1214 1534 Verr.
1234 1485 1304 1544 147,

166 1556 215 1607 122
234 1573 259 1620 p.
279 1555 344 1616 2043
363 1556 477 1604 Ellendt
495 1556 529 1605 ad
548 1556 605 1605 cic.
626 1557 700 1604 Brut.
720 1553 768 1616 62,
786 1554 837 1606 223
853 1570 880 1620 p.
900 1554 965 1612 402,
985 1555 1135 1603 Drumann.
1155 1553 1195 1602 lV
1212 1570 1238 1618 p.
1258 1552 1306 1603 382

164 1630 192 1674 et
210 1621 273 1679 386,
293 1622 335 1684 78,
356 1624 406 1673 cfr.
426 1624 548 1674 Momms.
568 1624 603 1671 H.
624 1624 655 1673 R.
676 1623 717 1672 111
736 1640 761 1688 p.
780 1621 810 1672 91
833 1621 926 1684 extri,
946 1624 990 1672 eui
1009 1622 1080 1671 libro
1098 1622 1150 1670 hoc
1169 1622 1306 1687 fragmen·

165 1699 220 1740 tum
240 1691 439 1756 adsignandum
458 1692 532 1740 etad
553 1706 633 1754 quam
653 1706 708 1739 rcm
727 1690 901 1740 referundum
915 1690 960 1750 sit,
980 1689 1091 1738 «labium
1109 1704 1162 1737 non
1183 1694 1238 1749 εει,
1256 1691 1306 1736 nei

165 1773 230 1808 vero
248 1759 407 1876 negaverim
426 1759 499 1808 inter
517 1774 551 1808 ea
569 1774 639 1822 qirae
659 1764 790 1808 securatur
802 1758 960 1821 fragmenta
973 1758 1062 1806 locum
1075 1757 1216 1806 habuisse.
1247 1755 1307 1804 Vid.

165 1828 198 1876 ir.
217 1827 270 1876 ino.
325 1862 332 1874 .

251 1945 291 2005 26
316 1944 375 2024 [lir.
393 1952 434 2002 59.
452 1943 554 2025 1130]
593 1942 649 2014 Qui
667 1945 786 2022 atridem
802 1961 866 2003 nias
882 1950 914 2004 ut
931 1943 1013 2003 tabes
1028 1945 1056 2002 in
1076 1942 1180 2002 urbem
1196 1944 1307 2002 coierit.

250 2065 326 2112 Fest.
346 2080 372 2127 p.
392 2061 443 2113 273
461 2063 585 2112 Lindem.
616 2063 707 2112 Talem
730 2079 784 2112 eam
808 2079 872 2127 quae
889 2062 990 2124 faceret
1008 2061 1140 2110 tabescere
1159 2063 1230 2125 apuli
1246 2067 1309 2109 nnit-

164 2146 227 2197 quos
245 2138 400 2194 usurpatum.
437 2129 688 2195 Sallustiusquaque
703 2131 867 2195 frequenter,
887 2135 913 2177 ut
931 2130 955 2178 in
977 2129 1085 2178 Catilina
1103 2155 1134 2164 -
1155 2154 1195 2177 -.
1232 2128 1267 2178 Et
1285 2130 1309 2176 in

164 2198 207 2248 lib.
219 2198 257 2248 lv
269 2199 447 2248 letaniarum:
466 2199 512 2262 qui
524 2224 557 2232 —
571 2198 676 2248 coierit.
708 2198 786 2258 Quae
800 2197 886 2247 verbo
899 2197 1024 2260 quamvis
1038 2196 1108 2245 mira
1126 2197 1196 2256 sint,
1216 2202 1309 2245 tumen

166 2266 358 2316 emendatione
382 2265 509 2326 (Carrior
533 2264 675 2326 comestus)
700 2265 890 2315 abstinendum
910 2265 1033 2324 indetur,
1059 2279 1120 2313 cum
1144 2279 1233 2327 neque
1258 2280 1310 2328 qua

165 2347 288 2385 connexu
306 2333 382 2382 dicta
402 2334 504 2382 suerint
522 2333 635 2397 adsequi
654 2333 798 2398 possimus,
819 2339 846 2380 ot
864 2336 940 2381 recte
958 2331 982 2379 is
997 2346 1053 2380 uros
1072 2332 1100 2379 in
1121 2331 1217 2380 urbem
1237 2333 1308 2381 coire

165 2401 288 2457 dicatur,
315 2401 360 2464 qui
384 2417 417 2449 ex
435 2400 588 2465 provinciis
606 2400 849 2449 urbeminvaserit
867 2399 895 2447 in
909 2414 997 2463 caque
1011 2397 1195 2463 qrrasisedem
1208 2398 1309 2448 fixerit.

165 2467 243 2529 Quae
269 2468 291 2516 si
316 2483 383 2516 vera
406 2477 482 2526 sunt,
506 2468 593 2517 verba
615 2467 664 2517 illa
688 2468 723 2517 de
747 2467 902 2516 tribuniciis
925 2467 1012 2515 turbis
1038 2466 1114 2516 dicta
1139 2467 1225 2516 iuuisse
1248 2467 1307 2515 veri

164 2543 274 2599 prorsus
293 2534 424 2583 dissimile
443 2537 493 2592 ebt,
513 2540 555 2584 set
573 2541 648 2584 recte
663 2535 847 2600 petaeredici
864 2534 985 2583 demere
1006 2533 1230 2598 expellendarum
1249 2549 1308 2599 pro-

164 2603 327 2658 vincierum,
349 2602 393 2664 qui
413 2602 521 2665 quidem
540 2603 580 2651 ita
598 2603 626 2651 in
645 2603 739 2652 urbem
752 2602 826 2660 coiit,
846 2616 906 2651 cum
924 2602 1029 2651 iudices
1042 2607 1185 2651 senatores
1203 2607 1308 2666 purtem

165 2670 343 2734 pecuniarum
362 2675 516 2733 ereptarum
529 2670 582 2718 sibi
595 2671 737 2720 vindicare
750 2669 901 2728 studerent,
920 2676 950 2717 ut
963 2669 1131 2719 consuetudo
1149 2670 1309 2719 iniustorum

167 2736 328 2785 iudiciorum
349 2752 381 2784 ex
400 2736 548 2799 provinciis
567 2738 645 2800 elisaei
664 2737 744 2786 tabes
763 2737 848 2785 etium
865 2736 960 2785 urbem
978 2737 1096 2786 intraret
1114 2738 1248 2797 (Momms.
1267 2737 1310 2786 111

166 2820 192 2866 p.
203 2801 256 2863 86).
281 2802 348 2851 Cum
362 2810 453 2853 eutem
465 2804 502 2852 M.
517 2804 634 2852 Lollium
647 2804 809 2853 Palicanum
823 2808 932 2853 constet
950 2805 977 2851 in
991 2803 1097 2852 Sthenii
1110 2803 1197 2853 Siculi
1210 2818 1311 2854 caussa

166 2868 199 2919 de
217 2869 260 2918 his
284 2870 391 2918 iniuriis
417 2871 451 2919 ad
474 2871 583 2935 plebem
602 2871 704 2920 dixisse
729 2872 805 2934 (Cio.
824 2871 852 2920 in
871 2872 948 2920 Verr.
968 2871 1061 2929 1141,
1084 2870 1140 2919 1110.
1171 2873 1266 2921 Drum.
1288 2873 1310 2918 V

166 2952 192 3000 p.
211 2935 269 2995 386,
290 2935 342 2998 78),
363 2938 548 3002 fragmentum
566 2938 633 2987 illud
652 2938 717 2987 mihi
737 2955 791 2988 non
809 2939 869 2987 sine
882 2939 956 2990 <urani
969 2939 1027 3000 veri
1040 2939 1134 3003 specie
1148 2955 1311 3003 praegresso

167 3003 325 3053 adiunxisse
343 3005 446 3054 videar.

252 3119 292 3180 27
318 3121 377 3200 [lir.
394 3130 437 3181 60.
463 3127 492 3181 G.
511 3122 568 3202 31]
612 3124 642 3183 L.
664 3123 805 3185 Hostilius
825 3123 981 3193 Dasianus,
1004 3127 1116 3202 inquies
1139 3127 1238 3185 animi.

250 3240 329 3289 Arus.
349 3256 374 3304 p.
394 3240 444 3289 242
462 3257 484 3289 s.
504 3258 529 3291 v.
554 3244 652 3307 inquies
670 3245 743 3290 illius.
781 3242 848 3290 (lum
868 3242 926 3290 aad.
948 3242 999 3290 Gn.
1020 3243 1152 3291 Hostibus
1172 3242 1311 3302 exhibeat,

166 3307 269 3356 rectius
287 3307 396 3356 Rulmk.
418 3308 452 3357 ad
471 3308 561 3358 Vellei
579 3309 606 3357 ll
619 3308 661 3369 118,
676 3309 691 3359 3
705 3310 768 3358 indo
782 3311 908 3359 [iustitias
927 3309 1031 3370 effecit,
1051 3325 1132 3374 ulnam
1144 3311 1312 3360 Lindeman-

166 3389 216 3423 uns
236 3376 350 3425 Hostius.
393 3374 422 3424 si
447 3379 538 3425 antem
560 3391 655 3425 verum
675 3384 728 3437 est,
755 3377 825 3440 quod
844 3377 965 3426 Kritzius
984 3378 1152 3440 suspicatur,
1173 3378 1313 3427 bominem

165 3440 282 3492 illumin
297 3443 336 3491 eis
350 3442 443 3501 luisse,
465 3445 510 3506 qui
528 3449 583 3492 tum
598 3443 725 3508 populum
745 3445 972 3508 cxagitaffisscut,
993 3459 1041 3493 eur
1058 3445 1109 3494 boc
1127 3445 1313 3509 fragmentum

167 3513 230 3559 ante
251 3525 293 3567 ca,
314 3524 384 3573 qnae
403 3516 542 3570 secuntur,
563 3513 713 3576 posuerim.
734 3511 819 3582 facile
838 3512 1026 3577 intellegetur.

252 3628 291 3688 28
317 3627 376 3706 [tir.
395 3635 436 3685 52.
466 3632 496 3686 G.
515 3628 574 3708 26].
616 3630 785 3689 Exercitum
812 3630 934 3698 dimisit,
963 3637 993 3689 nt
1016 3633 1143 3708 primunt
1167 3631 1247 3709 Alpis
1268 3632 1313 3689 ‹ti-

166 3747 286 3805 grassns
306 3736 358 3787 cst.

251 3847 329 3894 Arus.
349 3863 375 3910 p.
395 3845 446 3895 223
464 3862 485 3896 s.
506 3864 530 3897 v.
551 3850 685 3908 ‹tiarediar
703 3852 769 3897 illrum
786 3853 873 3899 lucrina.
904 3850 982 3898 Haec
1002 3849 1036 3898 de
1056 3849 1111 3898 alio
1130 3865 1211 3912 quam
1231 3850 1265 3898 de
1278 3852 1314 3912 Q.

166 3912 340 4029 guiglouiiio
354 3914 428 4043 diffie
443 3929 503 3963 esse
516 3930 570 3964 non
583 3930 672 3980 posse,
692 3916 849 3965 iamdudum
862 3916 1033 3965 intellectum
1047 3922 1089 3966 cst
1108 3917 1173 3974 (vid.
1188 3919 1314 3967 Momms.

196 4016 202 4027 .
248 4016 253 4028 .
334 3997 359 4044 p.
426 4016 432 4028 .

149 4096 156 4106 ⁴
253 4096 326 4157 *29*
344 4097 461 4177 [licet.
491 4103 520 4157 G.
540 4099 596 4179 27]
640 4095 827 4177 [Pompeius]
856 4101 891 4161 tle
918 4103 998 4160 uictis
1027 4101 1162 4178 llispanis
1193 4109 1316 4179 tropaea

168 4199 196 4255 in
217 4198 359 4276 Pyrenaei
382 4201 457 4274 iugis
479 4203 637 4260 constituit.

252 4317 327 4365 Serv.
349 4317 383 4365 ad
401 4317 483 4382 Verg.
503 4318 534 4366 A.
555 4318 593 4367 x1
611 4319 640 4367 li:
661 4322 789 4369 constituit
808 4324 833 4369 in
852 4326 956 4373 trrrruulo'.¹
981 4325 1006 4369 in
1024 4325 1103 4370 calle:
1128 4324 1187 4386 quia
1204 4328 1320 4386 tropaea

167 4396 215 4430 nun
230 4384 375 4446 sinebantur
392 4390 442 4432 taisi
457 4388 483 4433 in
502 4387 706 4441 erninentioribus
724 4393 794 4437 iocis.
831 4388 966 4437 Sallustius
985 4390 1017 4438 ule
1036 4389 1172 4453 Pompeio:
1197 4389 1319 4441 devictis
