2768 5010
198 367 238 434 88
438 388 442 395 ’
543 391 997 440 conunurenrounuese.1v.

197 557 301 625 guntur
317 545 377 623 (eir.
396 549 452 624 lug.
475 556 517 612 53,
540 556 558 611 3
578 551 659 607 cellis
678 556 729 606 eut
743 551 833 607 noetis
849 553 959 607 auxilio
980 554 1085 624 integri
1101 552 1213 610 eleum.
1252 551 1339 609 Hand.

197 653 275 710 ’l'urs
298 652 309 708 l
328 671 353 728 p.
376 649 447 724 541).

282 755 339 828 lug.
358 761 406 818 89.
430 763 445 813 5
468 754 502 810 de
524 755 650 827 regione.
674 763 803 829 quaeest
825 757 896 812 inter
917 755 1028 831 Capsam
1052 762 1080 811 et
1097 753 1225 813 relicuanr
1247 756 1341 813 Nunti·

196 857 275 919 diam.
300 856 365 913 haee
387 856 529 930 leguntur:
559 859 617 914 alia
643 861 737 914 omniu
759 864 858 925 easta,
886 859 1004 927 incultu,
1027 859 1138 930 egentia
1160 875 1268 930 oquae,
1295 861 1341 915 iu·

194 957 273 1032 feste
302 960 500 1031 serpentibus,
530 976 654 1032 querum
683 964 724 1017 uis
752 963 838 1017 sicuti
860 963 983 1016 omnium
1002 960 1138 1042 ferururn
1164 963 1261 1032 inopie
1284 962 1344 1017 cibi

197 1063 310 1122 uerior:
338 1065 378 1119 ud
399 1063 452 1119 ltoe
479 1068 587 1118 nutura
606 1065 782 1135 serpentium
805 1065 868 1134 ipsu
890 1065 1052 1134 pernitiosa
1072 1064 1121 1120 siti
1138 1065 1229 1135 magis
1250 1080 1341 1136 petam

197 1165 256 1221 aliu
284 1180 316 1221 re
339 1166 519 1222 ascenditur.
569 1164 726 1240 Scripturas
754 1164 897 1226 uarietate,
931 1182 1000 1239 quae
1032 1165 1060 1221 in
1088 1163 1165 1221 libris
1193 1166 1340 1229 invenitur.

196 1283 279 1323 unum
307 1265 465 1323 vocabulum
492 1267 558 1338 ipsu
582 1276 739 1341 suspectum
767 1265 811 1328 fit,
839 1274 927 1325 temen
957 1266 1023 1323 lmen
1050 1264 1129 1324 verba
1150 1267 1183 1323 ab
1206 1266 1339 1324 Sallustio

196 1367 236 1424 sie
255 1385 310 1424 non
329 1365 430 1441 seripta'
452 1386 512 1425 esse
534 1377 608 1425 recte
635 1369 761 1426 iudicavit
779 1367 927 1430 Mulieres,
955 1385 1116 1442 quemquam
1138 1367 1248 1443 longius
1271 1369 1340 1426 mihi

196 1487 360 1544 progressus
390 1469 495 1526 videtur
521 1488 580 1528 esse
609 1488 669 1527 eum
698 1471 787 1528 omnia
816 1470 881 1527 liaeo
908 1472 1005 1542 inopie
1031 1471 1086 1526 eibi
1105 1500 1148 1511 -
1174 1473 1341 1542 pernitiosa

196 1571 319 1628 eiciuuda
346 1571 460 1629 censuit.
505 1572 569 1629 llam
596 1573 668 1648 quod
698 1592 740 1649 ap.
764 1573 838 1630 Serv.
866 1572 899 1628 arl
927 1571 1007 1646 Verg.
1031 1572 1076 1629 Ge.
1095 1572 1128 1628 111
1147 1579 1199 1634 434
1225 1590 1258 1629 en
1286 1573 1340 1631 lios

195 1671 258 1729 loeo
279 1672 438 1730 reseruntur
457 1676 535 1746 quod
552 1690 643 1746 penus
663 1678 711 1731 siti
731 1677 922 1748 neququam
937 1676 996 1731 atie
1015 1691 1048 1731 re
1065 1676 1243 1743 adtenditur,
1263 1675 1340 1739 inde.

196 1774 325 1848 quonism
344 1776 536 1849 grammaticus
558 1776 648 1833 verbis
669 1776 701 1833 all
725 1775 924 1832 inlustrandum
946 1790 1089 1849 asperque
1111 1778 1160 1832 siti
1179 1776 1277 1840 utitur,
1294 1786 1339 1834 at·

197 1893 249 1950 que
273 1862 383 1933 minino
411 1895 466 1934 nun
489 1877 662 1953 descripto,
690 1887 732 1934 set
759 1879 792 1934 de
812 1877 942 1934 mernoria
967 1894 998 1934 ea
1025 1877 1110 1934 relata
1134 1895 1193 1935 esse
1214 1878 1338 1953 adparet,

195 1987 269 2037 uerte
298 1996 355 2036 uon
385 1977 519 2042 refieitur.
546 1979 592 2036 illa
615 1983 713 2051 iuopia
739 1981 796 2036 eibi
816 1983 913 2036 aerior
941 1979 975 2035 ab
998 1977 1127 2036 Sallustio
1152 1980 1254 2055 scripte
1282 1998 1338 2037 uon

195 2097 263 2137 esse.
300 2080 367 2137 llum
391 2098 454 2138 uero
475 2082 546 2139 ratio
569 2082 676 2144 obstat,
707 2099 761 2155 quo
784 2082 872 2138 minus
901 2088 1047 2154 utrumque
1069 2081 1103 2137 ab
1128 2098 1161 2139 eo
1181 2098 1341 2139 conmemo-

195 2190 284 2239 retum
312 2200 373 2240 esse
403 2183 560 2240 credamus?
607 2183 676 2252 Quid
703 2181 777 2239 aliud
805 2183 904 2245 uoluit.
934 2201 1014 2257 quarn
1043 2184 1185 2241 ostendere
1210 2191 1339 2241 naturam

194 2282 253 2341 eius
281 2284 403 2358 regionis
430 2282 585 2359 plurmnum
614 2286 647 2342 aul
681 2285 878 2359 exasperandae
908 2286 1044 2361 serpentis
1077 2285 1219 2342 conterre?
1271 2284 1351 2347 Cum.

195 2384 281 2458 igitur
302 2386 445 2459 praecedat
464 2368 491 2444 et
515 2393 596 2443 ueste
617 2389 735 2455 incultu,
759 2404 811 2462 qua
834 2405 863 2444 re
883 2388 1002 2461 inopiam
1020 2387 1074 2444 eibi
1094 2386 1177 2443 luisse
1199 2386 1340 2462 intellegi·

195 2494 249 2550 tur,
271 2493 298 2543 et
319 2491 430 2559 egentia
453 2505 561 2561 equae,
584 2508 633 2547 cur
654 2487 800 2546 Sallustius
823 2489 860 2544 ini
882 2490 972 2546 omnia
995 2505 1064 2563 quae
1086 2489 1119 2545 ad
1136 2488 1338 2545 adtendendam

194 2588 248 2643 vim
269 2589 437 2663 serpentium
459 2592 630 2663 pertinerent
649 2591 733 2648 luisse
753 2590 913 2652 ooniunota.
935 2598 963 2646 et
987 2590 1105 2665 inopiam
1125 2579 1178 2647 eibi
1200 2599 1229 2647 et
1252 2590 1338 2654 sitim.

194 2689 284 2746 dicere
311 2707 366 2746 nou
395 2692 516 2765 potuerit
546 2710 600 2748 non
623 2693 711 2768 capio,
751 2691 819 2760 Quia
846 2709 914 2766 ergo
936 2691 1063 2767 displicet
1076 2692 1137 2749 lroo
1155 2691 1238 2749 looul
1264 2691 1340 2749 .Sci·

110 2828 114 2836 ·
194 2789 258 2847 lieet
279 2792 351 2864 quod
374 2793 496 2865 qrramris
518 2795 660 2868 praecedat
682 2796 739 2864 uis,
766 2802 856 2850 tannen
884 2793 1010 2868 sequitur
1033 2802 1143 2875 nature
1158 2797 1339 2865 serpentium

193 2894 258 2964 ipse
278 2896 449 2964 pernitiose.
496 2894 568 2963 Quae
594 2895 673 2952 rerba
702 2896 725 2952 si
752 2896 899 2953 remoreris
922 2927 959 2937 -
985 2897 1085 2970 quippe
1111 2897 1175 2967 ipsa
1199 2894 1234 2951 ab
1258 2894 1339 2951 lituis

194 3003 350 3069 suspectum
378 3005 421 3053 est
448 3014 536 3071 neque
564 2997 704 3054 librarium
736 2997 895 3055 vocabulum
921 3000 962 3055 uis
989 2996 1124 3073 explicare
1151 2995 1271 3055 voluisse
1303 2996 1339 3053 ab

194 3097 284 3171 speeie
307 3098 361 3154 veri
382 3098 511 3155 abhorret
533 3131 569 3140 -
594 3116 684 3156 tronus
706 3099 807 3156 relicua
830 3100 919 3155 omnia
941 3099 1020 3174 plana
1039 3099 1120 3156 sunt?
1153 3099 1258 3156 itineris
1280 3099 1340 3156 lor·

195 3205 283 3254 tasse:
306 3199 386 3257 nimis
408 3200 493 3256 multa
512 3201 591 3258 uerba
613 3219 686 3263 esse,
717 3219 797 3275 quam
818 3219 886 3274 quae
908 3199 972 3256 Sall.
987 3200 1135 3257 ⁴lueritatis
1157 3202 1250 3258 studio
1272 3220 1324 3261 oon

194 3301 310 3357 ueniant.
351 3302 452 3358 Audio:
475 3311 504 3358 at
518 3290 554 3360 ¹eu
576 3304 623 3366 eis,
645 3321 713 3377 quiae
729 3303 827 3359 tradita
847 3311 919 3364 suut,
941 3303 974 3358 de
997 3303 1141 3377 scriptoris
1164 3303 1276 3378 ingenio
1297 3304 1338 3360 iu·

194 3401 292 3465 dicare.
313 3420 368 3459 nou
383 3422 415 3460 ea
436 3422 466 3461 ea
484 3405 620 3479 opinione.
640 3424 719 3479 quarn
741 3406 774 3462 de
794 3405 846 3461 lroc
861 3403 1047 3468 inlriberimus,
1071 3405 1104 3461 de
1120 3404 1175 3462 illis
1189 3405 1338 3465 eleoernere

194 3503 332 3561 debemus.
357 3537 393 3546 -
426 3506 515 3564 Eiusd.
534 3524 592 3581 cap.
618 3508 644 3579 S.
667 3515 685 3569 8
706 3508 771 3574 iltis,
796 3524 849 3580 quo
873 3506 960 3563 careri
981 3523 1063 3582 posse
1085 3523 1164 3563 nemo
1187 3508 1336 3583 negaverit.

192 3605 227 3662 ab
248 3605 367 3663 librariis
387 3608 506 3666 additum
528 3626 589 3666 esse
607 3608 776 3682 intellegitur
795 3625 827 3663 ex
847 3601 880 3664 1³¹
902 3616 930 3664 et
947 3601 989 3664 Pl.

278 3708 334 3782 lug.
357 3718 399 3771 91.
426 3719 434 3769 1
460 3710 592 3767 Linlrerus
615 3711 693 3767 uerba
714 3727 852 3766 manumet
874 3711 915 3766 uis
937 3712 1044 3766 utrium
1065 3710 1172 3782 effecte
1194 3710 1273 3767 uncis
1292 3710 1337 3767 ad·

193 3810 257 3868 ditis
279 3812 371 3885 spuria
393 3811 445 3868 sibi
467 3812 552 3870 uideri
574 3812 708 3875 iudicarit.
729 3828 797 3886 quae
820 3811 954 3868 sentientia
971 3811 1070 3886 quibus
1084 3813 1254 3884 argumentis
1271 3829 1335 3870 sou·

192 3912 323 3976 linuntur.
344 3931 400 3971 nun
422 3914 508 3971 video.
551 3914 616 3970 llam
637 3915 762 3989 primurn.
786 3915 858 3989 quod
881 3913 909 3970 iu
930 3907 985 3970 P³u
1007 3913 1075 3970 solis
1098 3913 1205 3986 effectu
1228 3918 1336 3971 utrium

191 4013 294 4089 legitur
320 4016 352 4071 ad
374 4015 557 4090 suspicionem
579 4016 788 4073 confirmandam
815 4034 909 4092 parum
938 4015 1023 4077 valet,
1054 4024 1110 4072 tum
1132 4015 1254 4088 quumvis
1273 4034 1337 4075 eou-

191 4118 284 4173 cedam
313 4117 449 4173 hominem
476 4125 583 4173 acutum
612 4136 662 4192 por
691 4136 721 4175 se
751 4118 910 4191 intellegere
939 4135 1019 4192 quam
1047 4109 1143 4191 magna
1171 4116 1211 4173 vis
1234 4118 1338 4175 utrium

193 4218 287 4275 ellectu
310 4218 401 4282 luerit,
423 4228 511 4275 tamen
531 4238 580 4275 eur
600 4219 745 4277 absurdunt
770 4220 822 4281 sit,
845 4220 868 4276 si
888 4218 951 4275 Sall.
974 4219 1001 4275 id
1024 4218 1096 4293 quod
1118 4236 1184 4275 oure
1207 4218 1275 4276 llari
1299 4220 1339 4276 ei·

193 4320 293 4376 lectum
316 4320 399 4376 ltrerit
417 4319 529 4394 copiose
558 4328 666 4384 narret,
693 4322 856 4396 praesertim
879 4340 939 4378 cunr
968 4321 994 4377 id
1023 4319 1185 4395 gravissumi
1212 4321 1250 4377 ad
1273 4320 1339 4379 reli·

190 4438 267 4477 cuam
289 4420 475 4479 difficultatem
496 4421 674 4496 superandam
697 4423 827 4481 momenti
851 4422 942 4487 luerit,
966 4440 1021 4481 non
1042 4421 1197 4499 perspicio;
1214 4422 1337 4501 donique
