2768 5010
489 409 712 452 rrrsroamusu
734 410 796 450 nra.
818 409 857 450 ιιι
879 398 920 452 tu
1234 382 1274 444 67

133 560 283 609 insidentem
301 559 397 610 derebus
414 560 509 624 instruis
521 560 617 609 retribue
629 562 729 608 litteras
742 562 837 608 insutus
848 557 1001 615 habentibus,
1022 571 1084 623 quies
1102 555 1133 605 ub
1151 555 1275 618 inferiore

133 634 209 691 parte
234 625 330 676 {luobus
347 630 441 692 repulia
458 630 525 676 inter
541 643 569 676 se
593 627 744 676 distantibus
762 627 931 682 eomrsiseral,
954 628 992 674 ire
1014 631 1110 688 saputem
1132 627 1200 672 mido
1215 636 1272 687 pos·

133 697 202 743 suam
220 698 360 745 tretieelum.
397 697 470 755 Quod
487 701 523 743 ite
540 700 623 758 perite
640 697 753 759 propolis
767 696 842 756 feeit,
862 699 887 741 ut
905 693 1020 742 eruribus
1037 692 1102 741 ostro
1118 691 1275 754 perberaeen-

134 765 166 810 lis
183 765 298 812 demissis
309 778 407 812 euersum
419 765 544 827 diriperet
561 769 586 811 et
602 768 695 826 present
709 765 825 815 visentes.
844 763 888 826 qui
902 763 1049 810 iactatione
1061 766 1143 816 eruat,
1161 763 1275 808 marr'aue

133 837 219 893 speeie
237 831 324 879 belisae
343 829 483 894 deciperet.
519 829 593 879 Flor.
612 829 688 889 140,
712 828 754 879 lo:
777 831 826 879 sed
844 830 962 891 fiduciam
983 828 1121 892 oppiriaois
1137 827 1276 876 resistendi

133 899 234 946 orentius
244 892 315 959 fecii,
335 899 429 947 doeens
441 899 578 947 aduentare
592 898 729 957 Lrecultum,
750 901 793 961 qui
808 923 843 932 —
859 896 980 945 horribile
994 898 1063 945 dietis
1075 909 1168 957 -per
1179 895 1275 943 medios

133 966 238 1015 bostium
261 981 337 1014 narres
359 973 415 1013 utre
437 981 575 1029 susspensus
596 972 621 1013 ei
642 965 750 1028 pedibus
772 971 822 1013 iter
843 964 999 1029 priberuuas,
1023 961 1163 1011 uidentibus
1183 965 1277 1025 procui

134 1037 208 1097 quasi
224 1035 322 1081 marius
338 1034 428 1097 pristis
445 1039 571 1082 euaserat.
608 1032 687 1082 Oros.
706 1033 742 1080 Vl
761 1033 931 1081 22'Luoulius
949 1033 985 1080 od
1003 1031 1146 1094 Cyzicenos,
1165 1036 1192 1077 ut
1209 1028 1275 1079 boso

134 1105 215 1147 animo
234 1107 325 1153 esseut.
345 1103 454 1148 arentium
471 1103 536 1149 arisit
548 1116 620 1148 uarias
638 1116 673 1150 em
690 1100 806 1149 militibus
818 1100 898 1149 uendi
905 1101 1021 1163 peritum.
1042 1100 1084 1163 qui
1101 1096 1196 1146 elriobus
1212 1099 1274 1145 atri-

134 1167 179 1214 bus
196 1183 345 1230 susspensus,
370 1170 474 1216 mediam
498 1173 552 1231 ipse
575 1171 686 1232 rapulam
708 1174 797 1216 leneas
817 1170 914 1231 pluatis
933 1183 962 1215 ue
985 1167 1157 1227 ssibremipoas
1179 1171 1275 1228 septem

79 1294 82 1301 .
134 1237 202 1282 milio
222 1250 340 1298 passuum
364 1241 533 1284 transmearit.
570 1237 612 1284 Ex
635 1234 732 1299 quibus
756 1235 871 1300 adparet
894 1183 977 1284 tudens
1000 1233 1155 1282 inachinarn
1179 1231 1274 1292 iuuisse,

135 1306 165 1350 ut
183 1308 285 1351 nautae
305 1317 401 1367 corpus
418 1304 447 1351 in
465 1303 570 1351 utribus
589 1303 703 1367 positum
723 1309 809 1361 esset,
834 1302 918 1368 pedes
941 1317 1006 1352 vero
1023 1302 1052 1349 iu
1071 1315 1169 1365 aqimus
1187 1299 1274 1348 libero

135 1370 253 1433 porrecti
271 1370 447 1435 remigarent.
485 1370 533 1419 Set
552 1371 613 1434 quid
632 1370 718 1419 verba
737 1369 863 1429 Sallusti,
887 1369 926 1419 uti
947 1369 1018 1435 apud
1036 1369 1152 1419 Nonium
1170 1368 1275 1433 scripta

135 1442 210 1499 sunt,
235 1435 412 1502 significant?
446 1438 576 1486 Extitisse
600 1437 675 1487 illum
698 1452 780 1503 super
802 1436 911 1496 tabula,
937 1452 1007 1501 quae
1025 1436 1132 1485 utribus
1154 1435 1275 1500 inposita

136 1509 204 1553 erat.
235 1504 324 1568 Atque
342 1507 468 1554 resisteret
486 1505 594 1569 quidem
612 1505 696 1554 nrulto
710 1506 798 1554 minus
812 1505 878 1554 ferri
891 1510 990 1570 potest,
1010 1504 1080 1568 quod
1099 1504 1126 1552 in
1146 1518 1178 1551 eo
1191 1501 1275 1552 verbo

134 1587 188 1621 non
211 1572 303 1620 standi
326 1577 369 1621 set
396 1573 574 1637 proveniendi
598 1573 672 1621 notio
700 1573 779 1621 inest.
823 1572 901 1633 Qrsod
924 1573 947 1621 si
974 1578 1078 1621 erteret
1102 1569 1275 1620 scribendum

134 1644 227 1702 prutes,
252 1654 304 1702 quo
322 1640 400 1688 modo
419 1640 459 1688 ita
477 1640 592 1705 pedibus
611 1640 744 1688 invicem
762 1641 861 1690 tractis
879 1667 912 1673 -
930 1640 969 1689 ita
989 1640 1074 1697 enim,
1093 1644 1177 1689 tracto
1197 1639 1274 1703 pede,

134 1705 310 1755 scribundum
334 1723 394 1756 esse
418 1713 493 1755 reete
518 1707 639 1756 Kritzius
664 1707 755 1756 docuit
779 1735 811 1741 --
834 1707 987 1771 gurbcruarc
1012 1706 1150 1769 navigium
1177 1705 1273 1770 potuit,

136 1789 187 1837 quo
211 1774 290 1823 modo
313 1773 392 1823 homo
416 1775 456 1823 ita
480 1780 577 1824 extans
596 1776 719 1824 marinae
743 1774 842 1824 beluae
865 1775 986 1839 speciem
1009 1774 1162 1839 praebere?
1196 1772 1274 1823 [Tude

135 1840 200 1889 mihi
218 1841 286 1890 satis
305 1848 408 1891 certsim
427 1842 534 1891 videtur
552 1848 675 1892 audieret
694 1847 853 1907 conruptum
873 1857 942 1901 esse,
961 1857 1013 1890 nec
1031 1843 1120 1890 minus
1138 1841 1165 1889 in
1185 1855 1216 1888 eo
1235 1839 1274 1888 la·

135 1913 202 1966 tere,
223 1908 293 1972 quod
312 1924 407 1958 curaris
426 1910 604 1958 directionem
624 1915 652 1958 et
670 1910 897 1973 gubernationem
917 1908 1060 1973 exprimat.
1091 1908 1190 1956 Verum
1203 1922 1274 1966 esse,

136 1976 205 2039 quod
224 1976 336 2040 scripsi,
354 1984 456 2039 reperet
474 1978 536 2034 iter,
556 1977 616 2026 nolo
636 1977 815 2036 contendere,
840 1982 883 2026 set
905 1975 972 2026 nihil
990 1975 1087 2025 melius
1111 1976 1138 2024 in
1156 1979 1275 2023 uirentem

81 2079 83 2084 .
134 2044 218 2091 venit.
251 2043 319 2092 lllud
333 2044 527 2093 confidentiore
548 2045 637 2093 aniruo
650 2046 780 2109 suspicor,
802 2048 866 2092 ante
879 2045 903 2092 iu
917 2046 992 2093 oieem
1006 2042 1139 2093 excidisse
1155 2042 1274 2095 insidens,

135 2126 186 2173 quo
206 2116 317 2174 recepto
337 2127 432 2161 carere.
450 2127 592 2177 possumus
612 2112 751 2161 Carrionis
769 2112 920 2161 mutatione
939 2127 989 2177 quo
1005 2126 1090 2175 super,
1110 2109 1160 2158 cir.
1175 2108 1233 2158 cie.
1247 2109 1273 2157 d.

135 2179 198 2226 Fin.
216 2178 243 2226 11
263 2177 302 2235 18,
322 2177 368 2227 59:
387 2195 466 2243 super
483 2196 537 2229 eom
555 2181 683 2232 adsidere.
703 2180 728 2228 d.
748 2179 816 2244 Leg.
837 2177 923 2238 1126,
942 2176 988 2228 oo:
1007 2194 1085 2242 suuper
1097 2184 1186 2227 terroe
1199 2183 1275 2225 tumis-

134 2249 182 2293 iura
199 2249 277 2294 nutriit
297 2249 427 2311 quiequam
444 2249 531 2296 statui.
562 2247 611 2296 Set
629 2249 713 2296 etiam
731 2246 889 2296 difficiliora
906 2251 969 2295 sunt
981 2247 1076 2306 verba,
1095 2260 1165 2310 quae
1178 2259 1274 2295 secun·

136 2318 193 2371 tur,
218 2328 288 2376 quae
311 2313 435 2377 plerique
459 2314 590 2363 (iussione
614 2320 725 2364 auctore
754 2314 921 2379 conrigenda
943 2319 1076 2378 putavere
1101 2318 1168 2362 tuter
1190 2314 1275 2362 melers

136 2387 211 2445 etque
230 2384 334 2429 insulam
351 2385 424 2430 mori.
461 2382 538 2442 Quae
558 2383 580 2430 si
598 2397 665 2431 vera
685 2387 790 2442 essent,
811 2385 888 2431 aeoles
905 2397 958 2431 uon
977 2385 1072 2446 posset
1089 2380 1205 2445 cogitari
1222 2379 1274 2427 uisi

136 2449 164 2496 iu
184 2448 336 2497 continenti
356 2454 481 2498 extructa
500 2455 528 2498 et
545 2449 580 2498 ab
596 2449 721 2498 hostibus
739 2455 883 2515 occupata.
913 2449 1010 2498 Nonne
1023 2448 1063 2497 ita
1076 2447 1275 2497 obscurissumc

137 2514 283 2564 Sallustius
301 2517 477 2580 scripsisset?
494 2517 548 2565 nisi
567 2517 638 2566 iorte
657 2533 754 2566 censes
773 2517 801 2565 in
821 2517 991 2582 praegressis
1009 2522 1066 2565 tam
1084 2515 1170 2564 multa
1187 2515 1221 2564 de
1242 2529 1276 2562 ca

136 2582 205 2631 mole
224 2583 299 2632 dicta
316 2584 418 2644 fuisso,
444 2589 474 2633 ut
496 2585 614 2649 scriptor
631 2585 777 2648 quidquam
797 2584 907 2634 adicere
925 2583 1105 2650 supersedere
1124 2582 1177 2631 sibi
1194 2596 1275 2646 posse

136 2651 283 2700 videretur.
326 2651 387 2712 Qua
413 2657 504 2700 alitem
527 2653 573 2702 via
597 2652 729 2702 credibile
756 2657 797 2701 est
821 2652 955 2701 audacem
977 2652 1100 2700 arentium
1128 2651 1157 2699 in
1181 2649 1276 2698 urbem

136 2719 315 2783 pervenisse?
351 2720 474 2783 Longum
494 2720 579 2768 tuisse
597 2720 650 2768 iter
668 2736 728 2769 cum
742 2735 791 2785 per
809 2735 848 2777 se,
869 2721 891 2767 si
911 2735 981 2784 quae
999 2719 1062 2767 loca
1080 2717 1210 2767 Lucullus
1228 2712 1298 2765 ob·'

53 2800 59 2808 ·
137 2787 250 2834 tinuerit
262 2786 489 2844 consideraveris,
510 2792 633 2851 apertum
648 2793 699 2843 est,
718 2791 775 2836 tum
793 2788 942 2837 Frontinus
961 2795 989 2836 ct
1001 2786 1114 2835 Orosius
1128 2789 1276 2834 testantur.

138 2855 172 2900 Et
194 2854 285 2902 ouraia
313 2855 465 2918 propinqua
489 2853 550 2903 loca
568 2855 662 2904 hostes
681 2854 827 2914 tenebant,
857 2860 939 2918 atquc
963 2854 1032 2903 adeo
1055 2855 1083 2901 in
1108 2853 1169 2918 ipsa
1187 2851 1276 2901 insula

138 2921 336 2983 liindyrneaurn
356 2921 452 2970 collem
472 2921 605 2983 (biomms.
624 2923 667 2971 111
686 2939 712 2986 p.
731 2920 784 2983 51).
821 2921 899 2971 Unde
919 2937 972 2971 aon
991 2920 1121 2970 credibile
1142 2926 1184 2968 est
1201 2919 1276 2968 illurn
1365 2927 1375 2937 “

137 3004 185 3051 per
204 2989 346 3051 angristius
365 2990 474 3046 fretum,
493 2989 521 3037 in
540 3004 591 3053 qim
610 3005 678 3054 pons
696 2991 800 3055 positus
818 2990 945 3054 oppidum
965 2989 1114 3039 continenti
1134 2987 1276 3052 iungebat,

116 3056 312 3108 'adventasse
332 3061 374 3104 set
393 3057 426 3106 ad
446 3056 528 3105 alium
547 3057 635 3105 locum
654 3057 826 3106 remotiorem
846 3056 1002 3120 adpulisse,
1027 3071 1079 3119 quo
1098 3049 1173 3104 ducit
1192 3054 1276 3103 etiarn

137 3123 207 3187 quod
225 3124 253 3172 in
272 3123 383 3172 Sallusti
408 3124 500 3172 verbis
523 3125 652 3189 scriptum
672 3131 714 3173 est
734 3130 810 3179 sauri.
836 3124 905 3189 quod
929 3124 963 3173 de
987 3128 1104 3188 augurato
1127 3123 1199 3172 freto
1222 3120 1276 3170 diei

137 3207 189 3239 ιιοιι
208 3192 303 3255 potuit.
340 3191 482 3240 Postremo
501 3208 553 3256 quo
572 3191 685 3241 consilio
704 3196 779 3242 moles
803 3192 1017 3241 extricabantur?
1051 3191 1076 3240 l?
1078 3197 1088 3239 t
1111 3189 1206 3239 littora
1229 3187 1276 3237 ad·

137 3275 231 3307 vorsus
249 3259 347 3307 fluctus
365 3259 510 3307 nirinirent.
542 3260 613 3319 Quid
626 3259 710 3323 igitur
727 3260 840 3324 inpedit,
861 3275 912 3323 quo
925 3259 1014 3307 minus
1026 3258 1078 3307 hoc
1098 3272 1203 3321 quoque
1216 3254 1277 3304 loeo

137 3327 169 3374 de
189 3326 238 3374 tali
256 3326 326 3375 mole
346 3328 519 3391 cogitemus?
554 3328 590 3375 Et
609 3343 698 3376 nonne
716 3333 746 3376 ut
763 3327 849 3378 verba
869 3327 939 3391 apud
953 3327 1069 3375 Nonium
1083 3326 1186 3388 scripta
1205 3328 1276 3382 suist,
1323 3380 1331 3393 .

138 3393 240 3457 aliquid
266 3394 399 3443 excidisse
424 3394 590 3443 ostendunt?
625 3395 745 3455 Quodsi
768 3395 809 3443 ita
833 3395 963 3458 seriptum
983 3394 1067 3442 fuisse
1087 3391 1276 3440 statuerimus:

136 3464 204 3511 inter
221 3465 306 3511 molem
325 3478 389 3526 quiea
407 3465 539 3511 insidebas
556 3464 621 3510 inari
631 3466 706 3511 micuit
724 3469 749 3510 el
763 3468 868 3510 sozontem
887 3462 987 3512 Arctoa
1005 3459 1107 3522 (Strati.
1121 3459 1174 3508 xli
1186 3474 1212 3522 p.
1226 3455 1278 3506 808

137 3529 233 3587 Mein.)
252 3533 317 3577 orari
334 3532 368 3578 ad
385 3532 503 3593 oppidum
520 3533 649 3593 peruerse,
674 3536 701 3577 et
719 3529 889 3593 probabilem
908 3543 1048 3588 cormeum,
1072 3527 1106 3575 ob
1131 3541 1211 3590 (quiam
1230 3524 1278 3574 illa

139 3597 273 3645 excidisse
294 3597 464 3651 arbitremur,
483 3598 647 3646 babebimus
666 3603 694 3645 et
712 3596 817 3646 relicua
830 3597 922 3645 ouruia
934 3595 1018 3660 plana
1032 3600 1059 3644 et
1078 3602 1176 3658 aperta
1189 3598 1277 3641 erunt.

138 3663 265 3713 Ceterum
285 3665 329 3713 viu
348 3672 390 3713 est
408 3665 478 3729 quod
497 3681 630 3725 moneam,
650 3666 749 3715 ,treton
761 3671 865 3714 aroritem
878 3679 920 3712 me
939 3663 1042 3712 nullam
1056 3662 1137 3712 alirsm
1151 3661 1185 3709 ob
1199 3675 1277 3709 eaus-

138 3748 197 3780 sam
221 3732 344 3796 posuisse
368 3734 420 3781 nisi
444 3738 474 3782 ut
492 3733 610 3795 aliquem
634 3733 721 3783 locum
745 3731 849 3781 insulae
868 3731 1049 3792 nominarem,
1075 3730 1120 3794 qui
1142 3729 1218 3779 locus
1243 3727 1278 3777 ab

137 3800 197 3864 ipso
216 3800 344 3850 Sallustio
363 3800 452 3851 (lictus
471 3801 555 3851 iuuerit
574 3817 615 3849 uie
634 3801 758 3850 divinare
776 3815 830 3849 nou
848 3815 937 3864 posse.

224 3933 263 3995 20
288 3934 353 4016 [lie.
374 3945 415 3993 21.
444 3942 474 3994 tl.
490 3935 553 4015 57].
604 3936 686 3996 ΙῖιιιΙο.
708 3954 783 4014 parm
805 3937 833 3995 in
857 3935 997 4013 oppidum
1020 3935 1171 4013 pertineas
1188 3931 1279 4010 expli·

139 4043 231 4096 estiis.

224 4157 302 4206 drus.
322 4175 348 4221 p.
367 4156 418 4206 too
441 4157 490 4206 sub
515 4156 594 4205 titulo
616 4163 747 4220 pertinens
771 4163 796 4206 ta
819 4159 885 4206 illum
908 4173 969 4205 rem.
1005 4156 1081 4205 Libri
1100 4168 1227 4204 ruunerns
1246 4169 1279 4203 ex

140 4223 198 4273 eod.
222 4227 273 4274 Gir.
295 4225 403 4274 additus
422 4230 472 4274 cst.
509 4226 569 4273 Non
587 4240 696 4289 possum
721 4225 854 4274 adsentiri
874 4224 1034 4275 (terlaelrio.
1057 4224 1125 4272 bace
1145 4223 1178 4270 do
1197 4226 1278 4286 posue

140 4293 304 4357 accipianda
324 4309 384 4340 esse
404 4294 537 4352 censenti,
558 4294 603 4356 qui
622 4308 655 4341 cx
673 4293 741 4341 turri
760 4309 777 4340 a
794 4292 953 4340 Mithridate
968 4292 1110 4340 moenibus
1123 4291 1217 4352 (traici
1233 4289 1278 4338 ad·

140 4366 214 4408 mota
232 4361 365 4409 ‹lernissus
385 4368 426 4409 est
445 4362 524 4425 (App.
544 4361 571 4408 b.
590 4359 682 4408 Mitlrr.
701 4359 735 4408 73
753 4377 779 4424 p.
793 4358 851 4418 382,
865 4359 882 4406 ti
902 4359 988 4408 Bekis.
1008 4359 1040 4407 id
1060 4376 1084 4423 p.
1099 4358 1157 4415 382,
1174 4357 1204 4405 lit
1216 4358 1280 4421 sep).

140 4429 208 4477 Nam
227 4429 250 4477 is
263 4445 330 4494 pous
343 4444 396 4477 non
409 4430 437 4477 in
449 4429 576 4493 oppidum
589 4427 735 4492 pertinuit,
754 4432 799 4477 set
817 4426 845 4475 in
857 4441 963 4489 muros,
982 4442 1071 4490 neque
1085 4431 1159 4475 recte
1178 4425 1279 4474 dicitur

1035 4518 1080 4576 5*
