2768 5010
438 376 757 420 conunnrnrronunt
780 376 851 417 cnr.
874 375 910 416 ιι.
1216 355 1256 418 23

143 534 201 610 pleri,
218 544 242 592 et
263 540 311 597 aa,
333 542 357 594 l.
385 535 441 591 Cat.
464 539 513 596 21.
535 540 561 593 5.
589 537 637 594 Μ,
662 541 678 593 5
698 537 799 604 petere
827 539 854 586 et
871 531 973 602 petitio
1000 527 1126 586 similiter
1153 528 1256 585 dictum

142 656 188 699 nee.
203 638 315 711 neglexit
334 637 454 713 primum
476 636 541 692 haee
563 634 597 690 de
617 634 683 691 llari
710 633 854 711 superiore
872 632 936 689 ·vita
958 631 1108 689 narrationi
1121 629 1255 697 ,oloseri-

141 748 197 812 ptore
218 738 375 814 interposita
390 756 460 800 esse,
481 737 507 792 id
529 735 602 811 quod
618 752 649 792 cx
671 741 715 793 set
735 735 762 807 S.
779 742 797 797 3
817 735 939 810 adparet,
966 741 1023 790 tum
1045 752 1107 791 curn
1129 733 1157 789 in
1176 749 1255 809 prae·

139 840 268 899 nantibus
285 839 434 898 Sallustius
449 856 505 896 uon
520 837 671 895 narraverit
684 836 797 893 llarirun
811 844 966 913 praetorem
981 836 1075 899 luisse,
1088 837 1255 909 ampliorem

136 950 287 1015 potestatem,
308 960 362 1017 qua
383 941 485 1015 dignus
506 939 616 997 habitus
638 940 683 1003 sit,
703 939 824 1015 quemvis
840 939 973 996 maiorem
986 939 1176 1012 magistratum
1194 955 1255 994 csse

138 1062 204 1118 posse.
223 1045 255 1102 de
273 1043 420 1102 consulatu
446 1051 476 1100 nt
502 1040 642 1117 cogitetur
665 1041 733 1098 nihil
755 1059 870 1116 prorsus
892 1058 1006 1114 eogere,
1033 1039 1150 1115 denique
1179 1038 1256 1096 libris

138 1163 197 1203 ιιιιιι
217 1146 328 1223 seriptis
349 1163 403 1201 non
429 1151 529 1218 petere
559 1152 602 1201 set
622 1145 759 1217 adpetere
786 1142 920 1219 prraelreri.
961 1142 1074 1200 Scilicet
1099 1141 1141 1197 his
1168 1140 1257 1197 rerlris

137 1248 249 1324 elsupra
270 1248 345 1306 dieta
366 1265 493 1304 retrorsus
514 1245 635 1322 scriptor
644 1244 780 1325 diarium.
810 1245 931 1320 quamvis
953 1245 980 1300 in
1001 1262 1034 1301 eo
1057 1260 1151 1300 omnes
1171 1242 1256 1300 virtu·

137 1356 166 1404 tes
179 1350 302 1412 inessent,
320 1357 409 1406 tamen
426 1346 607 1411 consulatum,
626 1347 705 1404 cuius
721 1347 825 1422 ingenti
845 1347 972 1422 cupidine
986 1347 1179 1420 exagitaretur,
1200 1362 1256 1401 non

136 1451 195 1507 mdo
214 1469 269 1508 non
292 1458 386 1526 petere
408 1452 425 1507 i.
445 1468 469 1507 e.
490 1467 590 1506 nornen
612 1450 684 1506 inter
707 1450 865 1506 candidatos
888 1448 1026 1525 profiteri,
1056 1454 1097 1505 set
1118 1462 1153 1503 no
1175 1446 1256 1521 adpe-

135 1559 177 1609 tere
193 1554 308 1628 qnidem
329 1568 445 1627 prorsus
468 1550 535 1608 nihil
558 1551 631 1626 quod
651 1550 684 1607 ad
713 1568 775 1607 euni
801 1551 965 1626 capiundum
994 1551 1145 1627 pertineret
1167 1548 1255 1609 lacere

131 1654 378 1712 comessatione
418 1654 472 1709 Cir.
494 1653 549 1709 Cat.
571 1658 611 1716 14,
632 1661 657 1714 5.
689 1651 745 1727 lug.
770 1659 810 1716 14,
833 1644 861 1714 55

197 1758 253 1832 lug.
275 1761 320 1820 67,
346 1764 356 1815 l
381 1756 428 1829 qui
450 1755 675 1818 consideraverit.
698 1755 822 1811 coelicam
845 1762 1021 1831 optumarum
1045 1762 1073 1811 et
1095 1755 1256 1812 vetustissu·

127 1876 216 1917 norum
236 1876 298 1915 esse
320 1859 447 1915 Romani
466 1858 582 1925 milites,
603 1859 750 1930 inprouiso
768 1863 861 1925 meta,
889 1859 995 1914 lacerti
1013 1860 1164 1931 manrique
1187 1859 1258 1929 qaid

121 1964 295 2033 proxumam
322 1959 472 2033 facerent,
501 1958 663 2031 trepidare,
691 1975 788 2016 arcem
805 1960 917 2031 oppidi,
949 1960 998 2015 ubi
1019 1962 1101 2034 sipara
1123 1967 1151 2017 et
1173 1966 1255 2017 senta

122 2070 201 2131 aunt,
220 2064 402 2136 praesidium
420 2062 551 2127 leontium,
570 2067 676 2133 portae
701 2067 768 2118 onte
790 2063 908 2119 claatsoe
926 2060 1029 2134 supano
1053 2061 1254 2135 prohibebant,

120 2168 153 2223 ed
167 2167 219 2223 ltoc
236 2166 373 2222 mulieres
391 2165 533 2237 puerique
552 2180 609 2235 pro
633 2167 713 2220 tectis
729 2165 926 2236 aedificiorum
942 2179 1018 2219 saara
1041 2172 1070 2221 et
1088 2166 1157 2235 alia,
1181 2179 1255 2237 quae

118 2269 188 2325 locus
203 2268 380 2341 praebebat,
407 2244 537 2322 certalim
560 2265 686 2334 mittere,
711 2267 941 2340 praepositionem
963 2268 1002 2322 ad
1024 2265 1057 2322 alr
1079 2265 1197 2322 librariis
1222 2266 1255 2321 ael

118 2370 286 2446 sulnplendam
314 2368 438 2441 mutilam
462 2367 613 2424 orationem
641 2366 771 2424 adiectam
796 2385 856 2424 esso
879 2385 912 2424 eo
936 2367 1042 2425 laeilius
1069 2367 1121 2424 silai
1143 2385 1256 2443 persua·

118 2471 191 2533 deliit,
214 2471 289 2546 qnod
313 2470 358 2526 illa
381 2477 490 2545 recepta
517 2486 573 2525 non
600 2486 694 2526 oannes
716 2468 890 2528 difficultates
914 2479 1096 2527 remorentur.
1139 2470 1203 2526 Nam
1232 2469 1256 2526 si

118 2591 171 2630 eum
191 2573 286 2630 Curtio
310 2574 459 2644 trepidare
482 2573 521 2628 ad
542 2587 639 2628 arcem
657 2571 727 2644 (liis.
750 2573 782 2629 tx
804 2578 880 2635 3l,9
902 2573 942 2628 ad
960 2591 1044 2629 orma
1065 2575 1254 2646 trepidantes)

119 2676 268 2749 coniungas,
291 2674 338 2741 att
357 2673 424 2730 illnd
439 2672 604 2750 praesidium
619 2674 748 2736 hostium,
773 2675 845 2748 quod
864 2673 955 2747 lugam
970 2675 1141 2749 prohibebat,
1161 2676 1267 2756 luerit,

122 2794 224 2850 prorsus
246 2794 302 2832 non
325 2775 505 2848 intellegitur.
549 2775 595 2831 Sin
619 2776 714 2832 liritzii
738 2775 900 2832 sententiam
927 2778 966 2832 ad
988 2794 1085 2834 arcem
1106 2810 1147 2818 -
1167 2793 1255 2850 prae·

124 2881 211 2935 tidinm
222 2880 345 2935 hostiam
357 2877 546 2951 coruungcnda
557 2879 693 2934 censentis
711 2878 878 2952 prolmreris,
890 2877 956 2933 illud
969 2879 1089 2942 (saerata,
1108 2881 1181 2954 qnod
1193 2899 1254 2937 cnm

127 2982 194 3037 trium
212 2982 309 3037 lrornm
333 2979 524 3042 ruembrorunn
548 2979 648 3054 quilius
670 2998 720 3036 cnr
743 2980 844 3036 milites
867 2979 1059 3053 trepidaverint
1082 2981 1253 3044 inlustratur,

129 3084 262 3154 posteriora
285 3100 366 3139 sutrin
384 3083 513 3156 altiorique
534 3081 645 3139 vertiam
668 3081 792 3143 habeant,
817 3082 842 3137 id
867 3082 893 3137 in
910 3082 998 3157 primo
1015 3102 1095 3157 aegre
1119 3085 1255 3141 desidora-

131 3189 174 3237 tur.
209 3184 255 3252 Qni
288 3202 353 3240 sero
381 3185 421 3240 ad
444 3184 598 3241 eiciunelum
632 3183 790 3244 deerevere,
819 3193 863 3239 set
887 3198 984 3240 arcem
1012 3187 1044 3241 ad
1063 3187 1256 3258 prohibebant

134 3285 257 3348 rettulere,
285 3286 436 3358 zeugmatis
458 3304 545 3360 genus
572 3294 692 3342 statuere
715 3286 786 3361 apud
809 3286 966 3343 Sallustium
991 3296 1065 3344 certe
1096 3289 1254 3345 irmuditurn.

135 3382 188 3449 aun
210 3389 292 3461 igitur
314 3394 414 3467 restat,
442 3388 494 3444 nisi
523 3396 553 3443 nt
583 3388 633 3444 linc
662 3386 724 3445 locu
749 3389 817 3444 idem
840 3388 969 3445 accidisse
993 3390 1154 3452 indicennrs,
1183 3392 1255 3465 ιμιιιιΙ

137 3482 183 3539 aliis
201 3489 294 3547 laetum
318 3505 378 3544 esse
400 3490 586 3561 cognovimns,
609 3497 639 3545 ut
654 3497 718 3565 post
738 3491 861 3547 hosticam
881 3490 992 3548 rerlinm
1015 3492 1161 3549 exciderit?
1183 3494 1256 3566 qnod

137 3586 255 3647 condebat
272 3592 358 3649 luisse
374 3591 408 3647 alr
426 3591 481 3647 reri
499 3593 589 3667 specie
604 3610 660 3648 non
674 3609 790 3667 prorsus
804 3593 942 3655 abhorret,
962 3594 1012 3651 nisi
1030 3597 1108 3657 torte,
1130 3603 1160 3652 nt
1179 3613 1257 3651 cans-

139 3704 182 3744 eam
197 3694 345 3750 omissionis
368 3695 424 3750 reri
443 3694 602 3750 similiorem
621 3695 749 3757 inscitias,
772 3696 979 3766 preteclndebat
1002 3697 1092 3753 rnaris.

203 3794 271 3851 lloro
293 3793 418 3870 exemplo
441 3795 574 3871 inperium
595 3795 661 3852 belli
689 3797 841 3869 lugnrtlrini
870 3796 901 3852 ad
923 3797 1035 3855 Marium
1065 3799 1139 3855 iussu
1163 3798 1258 3874 populi

139 3895 274 3954 translatum
293 3906 344 3953 est.
387 3896 459 3965 Quae
481 3916 525 3954 res
545 3898 660 3955 obscura
681 3906 731 3961 est,
753 3916 812 3955 enni
835 3895 997 3973 quicumque
1019 3901 1052 3956 de
1076 3919 1107 3956 ra
1127 3919 1258 3957 memora·

139 4009 186 4049 *tte
203 4002 345 4076 scriptores
369 3999 436 4055 nilril
452 3997 525 4056 aliud
552 4000 604 4056 nisi
627 3999 690 4056 lielli
715 4000 749 4055 ab
772 3999 880 4057 llctollo
910 4019 995 4075 paene
1023 4003 1074 4058 iam
1097 4004 1195 4078 patrati
1219 4004 1258 4059 in-

139 4098 222 4167 perium
245 4102 328 4158 llario
361 4101 490 4157 traditum
511 4120 572 4158 esse
595 4102 764 4158 narrarerint
794 4101 861 4174 (vid¹
889 4102 1055 4160 Freiuslrern.
1086 4104 1174 4179 subpl.
1203 4105 1257 4161 liv.

139 4195 190 4252 HV
207 4203 255 4273 50).
292 4203 416 4261 lletellns
440 4204 520 4265 enirn,
543 4222 603 4261 cunr
625 4222 649 4260 a.
671 4212 719 4265 109
737 4202 833 4261 consul
855 4212 927 4260 esset
950 4205 1028 4278 eique
1047 4206 1183 4280 provincia
1206 4207 1259 4262 Nn·

137 4301 200 4357 nota
220 4307 354 4363 evenisset
374 4305 428 4377 (43,
453 4304 487 4377 l).
513 4306 688 4362 comitiorum
710 4324 787 4363 mora
809 4306 872 4379 (44,
895 4305 927 4379 3)
949 4316 977 4361 et
997 4307 1127 4380 adparatu
1148 4307 1258 4364 militari

136 4402 178 4469 (tt,
195 4405 219 4477 t)
240 4408 376 4483 inpeditus
397 4425 431 4464 eo
453 4415 576 4482 ternpore
600 4408 626 4463 in
649 4408 767 4464 Africani
786 4408 873 4471 venit,
898 4424 952 4482 ipro
973 4409 1137 4466 aestivorum
1153 4417 1259 4484 tempus
