2768 5010
451 384 756 427 connanrnrmuuu
778 384 849 427 cnr.
871 385 902 427 v.
1188 366 1246 429 ll-'t

189 541 246 615 lug.
274 546 318 602 ru,
337 547 354 600 3
376 538 514 613 volgatum
537 540 589 595 luit
605 541 648 595 nti
670 548 815 612 tamquam
836 557 919 597 snam
938 543 1032 597 visens
1053 543 1166 597 doraum
1189 548 1244 597 eat.

88 627 177 710 'linae
199 642 279 699 rerlra
297 651 425 700 contorta
439 618 515 705 ¹esso.
538 660 599 699 cnm
614 658 697 699 suam
715 645 827 701 domum
850 643 986 700 obiectum
1000 643 1137 718 participii
1153 644 1246 700 nisena

108 747 142 800 sit
164 744 244 800 simul
267 753 295 801 et
315 745 347 802 ad
369 753 416 801 eat
438 745 535 802 reterri
556 744 662 809 debeat,
686 745 764 802 laeile
785 746 959 820 perspicitur.
1003 743 1060 813 Qua
1076 764 1106 801 re
1125 762 1181 802 non
1196 745 1245 802 dn·

107 844 186 902 bitavi
206 847 336 922 recipere,
359 848 433 921 qnod
450 847 583 930 Gmterns
604 849 766 912 coniecerat.
791 849 919 922 qnodque
941 866 1006 905 casn
1023 848 1140 922 quodam
1164 847 1190 904 in
1205 841 1243 905 lt¹

106 957 131 1004 et
149 942 186 1004 lt²
209 949 340 1024 seriptum
363 957 414 1012 est,
435 966 490 1006 sna
511 950 612 1007 visana.

187 1067 244 1141 lug.
267 1074 312 1131 tt,
336 1078 353 1131 3
375 1071 472 1126 vellem
492 1073 590 1141 potius
610 1099 652 1111 -
668 1085 754 1142 posse
776 1085 819 1124 me
839 1096 882 1110 -
903 1073 1005 1140 petere
1027 1068 1079 1124 iam
1096 1067 1130 1124 ab
1149 1067 1243 1126 multis

106 1185 156 1236 ine,
181 1188 242 1227 enm
266 1172 294 1227 in
324 1171 416 1228 multis
439 1173 519 1228 bonis
540 1172 617 1229 libris
635 1173 764 1229 omissum
785 1178 872 1235 esset,
895 1170 1011 1227 eiectum
1035 1179 1091 1234 ost,
1116 1178 1158 1227 set
1187 1188 1242 1246 qno

106 1272 183 1328 modo
202 1272 303 1330 laetum
324 1282 412 1338 esset,
446 1283 475 1330 nt
505 1275 532 1330 in
554 1284 596 1331 tot
620 1276 753 1333 adiectum
774 1274 927 1348 legeretur,
950 1291 1030 1330 nemo
1055 1274 1170 1348 aperuit.
1214 1273 1241 1330 ld

106 1376 221 1431 ostendit
242 1369 293 1439 1³¹,
319 1395 381 1434 eum
405 1395 460 1451 quo
483 1376 654 1435 scribendum
678 1397 738 1434 esse
761 1392 877 1450 possem
897 1376 940 1431 vin
960 1384 1002 1433 est
1023 1376 1095 1450 quod
1117 1374 1241 1450 pluribus

104 1493 240 1551 exponam.
266 1508 303 1519 —
326 1478 415 1536 Eiusd.
433 1498 491 1554 cap.
513 1485 552 1542 tt.
571 1488 682 1537 airetore
702 1480 833 1554 bajeseno
849 1480 934 1554 praei.
950 1479 991 1535 ed.
1009 1479 1110 1554 prioris
1122 1495 1148 1553 p.
1164 1477 1242 1535 xvttt

104 1600 162 1639 enm
182 1582 335 1639 recentiore
357 1582 569 1657 primi-generis
591 1581 692 1638 lanrilia
720 1600 792 1640 nune
814 1582 911 1658 scripsi
933 1584 1098 1639 nationesne
1123 1587 1174 1637 aut
1194 1596 1240 1637 re·

101 1700 150 1756 pes
170 1703 221 1760 pro
244 1688 410 1742 nationesne
433 1702 470 1739 an
492 1700 582 1757 repes.
629 1684 697 1754 Quid
718 1687 789 1741 enirn
812 1686 869 1760 agit
887 1683 1021 1741 Adherbal
1047 1685 1100 1741 nisi
1128 1694 1158 1741 nt
1176 1702 1241 1741 nua-

103 1804 180 1860 ‹pram
202 1786 254 1843 sibi
278 1787 405 1846 auxilinm
428 1792 522 1861 petere
545 1786 628 1844 licere
647 1788 699 1843 nisi
720 1805 735 1844 a
754 1788 858 1863 populo
873 1805 987 1845 romano
1004 1787 1146 1844 ostendat?
1183 1786 1239 1854 Qua

102 1907 130 1944 re
148 1889 181 1947 de
203 1890 244 1945 eis
268 1897 371 1947 tantum
394 1888 461 1946 illud
483 1907 613 1963 quaerere
634 1899 739 1965 potest,
769 1892 816 1964 qui
837 1891 1018 1946 Romanorum
1045 1889 1162 1945 dicionis
1183 1906 1239 1944 non

101 2000 177 2055 sunt:
202 1993 226 2048 ei
249 2001 339 2066 antem
363 1994 390 2048 in
412 2010 496 2049 unum
517 1992 756 2066 conprebemlondi
780 2002 852 2056 snut,
873 2002 904 2048 ut
922 2010 972 2068 per
991 1995 1042 2064 qui
1055 2007 1152 2048 omnes
1173 2008 1239 2048 eon·

101 2094 258 2168 iunguntur.
301 2096 396 2152 Utrum
422 2095 454 2150 ad
484 2112 563 2168 reges
589 2112 621 2149 nn
651 2095 684 2151 ad
707 2094 808 2151 liberos
837 2094 955 2170 populos
977 2093 1088 2151 adcedat
1107 2111 1238 2168 quaerere

100 2214 258 2271 prerrorsum
280 2205 321 2254 est
341 2192 372 2270 ¹).
416 2195 445 2251 ln
467 2203 518 2251 ant
531 2195 583 2252 boe
599 2196 683 2251 inest:
705 2197 773 2253 llum
790 2196 921 2271 adpellem
938 2196 984 2270 qui
1003 2196 1117 2253 dicionis
1133 2203 1238 2253 restrae

100 2316 153 2354 uon
175 2308 249 2361 sunt,
273 2300 319 2374 qui
341 2308 388 2356 aut
406 2299 485 2355 liberi
510 2306 573 2354 sunt
599 2307 646 2354 aut
672 2299 749 2372 regio
780 2299 886 2374 inperio
916 2300 1048 2355 ntnntnr?
1077 2328 1114 2338 -
1146 2296 1236 2354 Eiirsd.

98 2419 153 2475 eap.
172 2402 200 2473 S.
223 2408 258 2463 23
280 2402 327 2476 qui
348 2401 501 2476 anaphorae
523 2401 574 2456 rim
595 2408 676 2475 atque
696 2402 910 2464 nsnmnororit,
932 2401 1052 2459 Vaticani
1075 2401 1236 2474 scripturam

96 2510 138 2558 set
165 2506 257 2560 omnis
282 2504 336 2560 bas
360 2522 421 2561 enm
448 2503 565 2560 Linlrero
593 2503 710 2577 probare
739 2522 792 2561 non
817 2504 964 2568 dubitabit,
992 2503 1152 2578 praesertim
1174 2520 1236 2560 enm

97 2603 222 2662 librarios
245 2607 270 2663 id
294 2608 320 2663 in
339 2615 367 2663 et
388 2615 507 2664 mutasse
529 2624 583 2663 non
602 2606 700 2663 mirum
722 2607 766 2663 sit.

180 2726 214 2782 Ut
236 2726 292 2799 lug.
319 2734 361 2789 18,
385 2734 401 2785 ‘t
421 2726 568 2800 reciperem
597 2743 670 2799 qaas
690 2743 751 2782 noae
772 2727 907 2798 eaiperat
930 2744 981 2800 pro
1005 2743 1053 2790 eo,
1083 2726 1155 2800 quod
1178 2734 1235 2782 stu·

95 2828 170 2883 diose
192 2827 258 2883 olim
280 2828 388 2885 defendi
411 2846 469 2900 qua
493 2846 553 2885 rrae
575 2832 722 2901 eodpernt,
752 2846 805 2884 non
836 2836 888 2883 tam
908 2827 1064 2902 llioronynri
1085 2836 1112 2884 et
1132 2827 1233 2901 Sulpici

95 2930 186 2985 Severi
217 2930 381 2986 testimoniis
410 2941 554 2988 comnotus
585 2949 644 2986 suin
674 2962 710 2971 -
740 2949 801 2986 rrarn
839 2929 894 2985 illis
921 2930 1060 3005 obponere
1088 2947 1234 3004 possumus

93 3032 187 3107 Pomp.
204 3032 263 3088 llel.
287 3032 297 3087 l
319 3040 344 3095 8,
359 3041 376 3093 3
392 3064 438 3095 -,
463 3053 542 3107 spiram
563 3042 738 3107 optumarum
755 3032 888 3088 libroruin
909 3050 1052 3089 consensu.
1097 3030 1128 3087 Et
1151 3048 1233 3104 qnae,

93 3135 166 3208 qnod
188 3134 326 3191 dillicilius
347 3145 403 3200 est,
427 3135 504 3193 facile
531 3136 556 3191 in
580 3154 637 3208 qna
660 3145 707 3192 ant
730 3153 824 3191 errore
847 3144 893 3191 aru
915 3135 1041 3192 consulto
1064 3135 1163 3191 mutari
1185 3151 1234 3209 po·

93 3236 177 3293 tuisse
201 3237 228 3292 in
247 3237 394 3312 propatulo
418 3246 468 3294 est.
499 3270 535 3279 -
565 3239 654 3294 Eiusd.
682 3256 740 3313 cap.
771 3244 787 3297 6
815 3245 988 3311 optumarum
1011 3236 1144 3293 librorum
1168 3235 1234 3293 seri·

92 3347 201 3413 ptnram
228 3357 308 3395 mare
337 3358 470 3413 rnapnum
500 3349 527 3396 et
554 3344 657 3414 iperaru
686 3343 784 3413 linqua
807 3343 967 3396 conmercia
985 3338 1177 3412 prohibebant
1200 3355 1233 3395 eo

90 3440 230 3497 lubentius
246 3441 384 3516 amplexus
404 3460 472 3505 suin,
497 3443 569 3515 iprnnl
592 3444 655 3516 qnid
675 3445 780 3505 Persas,
799 3442 845 3516 apri
864 3442 1018 3511 aedificandi
1040 3442 1152 3498 materia
1171 3458 1233 3514 ege·

90 3551 166 3605 rent,
197 3562 252 3616 quo
275 3544 363 3599 minus
386 3562 446 3600 curn
469 3545 593 3619 llispauis
614 3545 766 3602 eonrnoreia
790 3545 964 3601 instituerent
989 3542 1159 3619 prohibuerit
1193 3543 1233 3598 di·

89 3645 205 3701 eeudurn
226 3646 317 3719 [isitius
338 3664 399 3701 esse
423 3647 542 3721 adparet,
568 3665 646 3720 «piram
669 3648 732 3721 qnid
754 3647 889 3721 llispanos
919 3653 946 3701 et
968 3646 1064 3701 Persas
1091 3644 1125 3700 ab
1145 3644 1232 3700 mutui

88 3747 226 3803 eonrnerci
249 3749 447 3805 consuetudine
468 3749 614 3806 excluserit
629 3743 661 3823 ²).
707 3750 753 3805 Set
775 3766 829 3804 non
852 3747 929 3822 potui
952 3747 1069 3802 Linlrero
1092 3746 1231 3807 adsentiri,

126 3929 157 4001 l),
174 3929 284 3979 Peerlk.
305 3930 339 3979 ud
357 3931 441 3995 b'erg.
455 3931 523 3981 Aen.
538 3932 576 3980 IV
589 3932 620 3981 T.
635 3933 648 3981 Ι
708 3933 734 3985 2]
748 3931 890 3980 similibus
904 3930 1010 3979 carresis
1024 3929 1158 3979 edilnetns
1170 3930 1230 3993 Ing.

88 4031 113 4079 p.
138 4013 191 4063 uta
213 4017 414 4065 coniecturam:
445 4021 592 4066 nationesne
615 4034 647 4066 an
674 4018 715 4077 dt,
739 4017 749 4066 l
771 4033 803 4068 ex
822 4015 921 4065 soloP
945 4015 1042 4079 scripsi
1061 4022 1153 4080 portae
1172 4021 1232 4064 ante

88 4104 180 4164 rames?
218 4102 297 4160 Qtitne
315 4118 400 4150 ornnes
417 4129 447 4136 -
467 4102 556 4164 infesti
572 4104 649 4150 ararat?
673 4106 775 4152 elatione
791 4103 854 4165 sarpa
863 4100 1040 4166 prohibebant,
1061 4116 1121 4150 enm
1139 4102 1232 4166 optino

88 4201 295 4235 eorrmemornre
314 4187 384 4235 sotis
397 4185 496 4235 liabeo.
527 4187 570 4236 An
584 4202 648 4236 con·
673 4188 824 4248 videretur,
844 4187 981 4237 Romanos
994 4185 1097 4235 milites
1109 4201 1158 4250 por
1170 4199 1231 4249 por·

88 4275 144 4319 stat
174 4271 303 4334 usurpari
333 4270 381 4320 ubi
416 4270 647 4320 inlustrandorum
672 4271 843 4322 taeelunaus
864 4271 997 4338 frigiondo
1019 4271 1144 4321 exclusos
1166 4269 1232 4322 fuis·

89 4370 312 4419 praegressorum
332 4370 431 4406 natissa
443 4372 516 4406 nova
530 4359 645 4406 interro·
673 4373 712 4408 se.

88 4441 165 4505 gatto
183 4439 333 4490 adiciatur.
