2768 5010
152 355 192 416 16
511 372 741 418 ursrosnuavit
765 373 825 416 nia.
850 364 926 418 148·

152 525 260 602 indigni
285 542 318 584 re
341 524 456 603 publica
481 523 572 584 babiti
592 524 718 601 praedae
746 524 811 585 loco
834 529 1050 592 aestumanlor,
1079 523 1187 602 quippe
1209 530 1289 584 melu

151 643 255 703 pacem
278 633 463 705 repetentes,
487 645 545 705 quo
567 625 696 685 babilam
720 628 886 686 amiserant.
931 625 1074 704 Equidem
1097 644 1112 685 a
1136 627 1327 702 principiob

151 746 219 787 cnm
241 728 395 788 Etruriam
424 730 594 800 coniurare,
629 730 810 805 proscriptos
836 728 961 794 accersi,
995 726 1200 803 largitionibus
1228 744 1291 787 rom

151 828 298 906 publicam
320 829 442 889 lacerari
462 829 604 897 videbam,
627 829 833 889 iusiurandum
856 827 993 905 putabam
1015 836 1044 888 ot
1058 828 1151 888 Catuli
1172 828 1291 887 consilia

130 949 219 994 scum
244 933 343 1008 paucis
363 937 481 990 secutus
501 948 575 990 sum.
616 930 751 990 Ceterum
776 928 831 999 illi,
861 932 911 1008 qui
938 932 1032 1008 gentis
1054 927 1192 989 Aemiliae
1215 927 1292 988 bene

152 1033 225 1092 lacta
244 1031 421 1092 extollebant.
433 1039 459 1090 et
477 1032 658 1107 ignoscundo
673 1031 773 1108 populi
785 1032 908 1091 Itomani
921 1032 1151 1108 magnitudinem
1164 1031 1289 1097 auxisse,

150 1152 296 1213 nusquam
319 1135 468 1193 etiamtum
485 1132 626 1210 Lepidum
643 1150 833 1210 progressum
850 1133 976 1202 aiebant,
999 1152 1065 1193 turm
1083 1134 1193 1211 privata
1208 1150 1290 1192 anna

106 1290 113 1297 .
151 1234 364 1313 obprtruundae
389 1234 531 1294 libertatis
553 1227 692 1312 cepisset:
721 1221 776 1295 sibi
802 1237 926 1314 quisque
955 1253 1027 1313 opes
1052 1241 1102 1295 aut
1129 1235 1290 1311 patrocinia

109 1393 114 1400 .
152 1336 323 1415 quaerundo
347 1336 499 1395 consilium
523 1335 672 1412 publicum
696 1344 907 1415 conruperunt.
947 1339 982 1396 bt
1002 1344 1062 1396 tum
1083 1344 1147 1396 erat
1165 1336 1324 1413 Lepidus?

120 1437 226 1503 wintro
252 1456 319 1496 rrum
341 1436 492 1498 calonibus
514 1445 543 1497 ct
563 1439 663 1514 paucis
684 1440 809 1505 sicariis,
839 1457 964 1515 iptorum
993 1457 1079 1499 uerno
1107 1455 1165 1497 non
1186 1436 1289 1495 dimna

132 1522 288 1599 'mercede
310 1540 396 1598 vitam
419 1540 587 1599 mutaverit:
618 1557 697 1600 nuuc
723 1547 766 1598 est
789 1558 844 1616 pro
867 1538 987 1599 consule
1009 1558 1075 1599 cum
1096 1540 1210 1616 inperio
1233 1555 1290 1596 non

152 1648 251 1718 empto
276 1647 320 1699 set
342 1640 442 1700 datoa
467 1639 557 1721 robis,
578 1658 645 1698 oum
668 1639 769 1717 legatis
792 1641 888 1701 adbuc
911 1642 974 1700 iure
998 1640 1185 1718 parentibus:
1208 1639 1290 1699 etad

71 1737 76 1745 ’
153 1760 221 1803 cum
242 1759 421 1801 concurrere
444 1740 578 1802 homiues
598 1742 728 1802 omnium
751 1743 887 1802 ordinum
906 1740 1141 1820 corruptissimi,
1164 1742 1292 1818 flagran-

152 1850 197 1904 tes
216 1845 312 1921 inopia
337 1849 366 1903 et
392 1842 591 1920 cupidinibus,
619 1842 767 1904 scelernm
794 1845 971 1904 conscientia
1004 1844 1153 1921 exagitati,
1185 1841 1293 1921 quibus

119 1947 241 2026 requies
260 1947 288 2006 in
303 1943 502 2013 seditionibus,
525 1945 555 2005 iu
571 1963 643 2022 pace
661 1943 764 2004 turbae
781 1951 864 2004 sunt:
888 1946 915 2004 ei
930 1945 1085 2006 tumultum
1105 1964 1140 2004 ex
1155 1945 1292 2010 tumultu,

153 2045 262 2107 bellum
286 2065 321 2107 ex
345 2044 421 2105 bello
448 2052 564 2113 serunt,
592 2046 741 2106 Saturuiiri
769 2044 853 2114 olim,
884 2054 949 2123 post
972 2046 1095 2124 Sulpici,
1124 2047 1191 2106 dein
1220 2045 1292 2105 llari

152 2147 393 2226 Damasippique,
430 2166 510 2206 utine
537 2141 639 2224 Lepidi
672 2145 819 2207 satellites.
865 2148 1020 2209 Praeterea
1056 2148 1171 2208 Etruria
1204 2154 1327 2225 atquess

153 2267 256 2309 omnes
277 2248 416 2326 reliquiae
444 2247 513 2308 bebi
535 2248 686 2316 adrectae,
710 2249 865 2325 Hispaniae
890 2251 979 2309 armis
998 2249 1151 2317 sollicitae,
1181 2248 1293 2308 llitbri·

153 2351 234 2411 dates
255 2351 284 2408 iu
307 2348 399 2410 latere
421 2348 609 2427 uectigalium
624 2357 809 2415 nostrorum,
838 2350 945 2429 quibus
966 2351 1062 2410 adbuc
1083 2356 1293 2416 sustentamur,

119 2477 144 2516 m
154 2452 230 2511 diem
252 2450 329 2511 bollo
351 2451 563 2527 circumspicit:
592 2451 662 2528 quin
691 2458 809 2527 macter
829 2452 968 2512 idoneum
990 2452 1095 2511 illicem
1116 2450 1187 2512 nibil
1210 2450 1294 2511 abest

153 2552 190 2613 ad
211 2550 445 2611 subvortundum
467 2552 623 2627 inperium.

238 2652 324 2724 Quod
339 2670 394 2729 ego
410 2670 460 2711 ros
475 2669 529 2711 oro
549 2659 636 2731 atque
651 2652 786 2721 obsecro,
810 2661 907 2731 patres
928 2656 1094 2733 conscripti,
1116 2661 1148 2716 nt
1162 2654 1293 2714 anImad·
1311 2670 1327 2717 n

155 2756 282 2821 vertatis,
307 2771 364 2813 neu
386 2753 537 2830 patiamini
552 2753 699 2814 licentiam
716 2753 863 2815 scelerum
879 2757 961 2834 quasi
977 2756 1090 2817 rabiem
1107 2756 1144 2815 ad
1161 2757 1292 2831 integros

155 2863 290 2915 contactu
314 2854 486 2931 procedere.
531 2855 604 2915 b'arn
626 2853 678 2914 ubi
699 2855 792 2915 malos
817 2859 945 2934 praemia
968 2866 1123 2926 secuntur,
1150 2857 1219 2917 liant
1250 2857 1293 2917 la·

120 2956 209 3023 aselle
232 2958 386 3034 quisquam
415 2957 549 3032 gratuito·
569 2954 666 3016 bonus
696 2965 748 3017 est.
794 2960 838 3018 An
861 2960 1039 3035 expectatis,
1065 2959 1137 3019 dum
1162 2961 1291 3019 exercitu
1315 2974 1344 3022 tn

154 3075 259 3118 rursus
284 3058 401 3117 admoto
432 3057 511 3119 ferro
540 3065 627 3135 atquc
656 3057 773 3118 Ilamrno
801 3060 907 3119 urbem
934 3060 1066 3120 inundati
1097 3060 1175 3138 qnod
1202 3060 1294 3120 multo

155 3160 276 3236 propius
299 3167 343 3220 est
363 3157 400 3218 ab
423 3177 458 3218 eo
480 3178 538 3238 quo
561 3161 649 3236 agitat
670 3167 756 3229 statu,
781 3180 868 3239 (piram
886 3181 920 3222 ex
940 3180 1012 3239 pare
1035 3168 1064 3221 et
1084 3157 1241 3221 concordia
1259 3162 1293 3221 ad

155 3279 236 3321 arina
258 3259 365 3328 cicilia,
392 3279 467 3338 quac
497 3259 543 3320 ille
566 3261 721 3320 advorsum
754 3261 849 3321 diuiua
877 3270 905 3322 et
932 3263 1060 3323 bumana
1088 3265 1183 3322 numia
1207 3265 1293 3341 repit,

125 3379 214 3421 -non
238 3380 292 3439 pro
316 3380 368 3420 sua
388 3370 437 3422 ant
458 3380 584 3442 quorum
608 3362 724 3421 simulat
745 3364 864 3430 inlunio,
891 3371 936 3421 set
963 3363 1061 3442 legum
1092 3384 1125 3424 oe
1153 3363 1296 3424 libertatis

240 3531 324 3645 illi-rer.
346 3545 403 3579 scir.
437 3529 458 3580 I.
478 3531 556 3579 drus.
578 3530 701 3593 Indiprris
718 3531 766 3580 liar
784 3548 822 3580 re.
858 3531 984 3581 Salustius
1003 3535 1071 3582 Hisl.
1093 3535 1118 3582 1:
1144 3539 1171 3581 et
1190 3533 1295 3597 indigni
1378 3583 1383 3596 ,

156 3613 185 3647 re
203 3612 323 3662 pulice.

156 3782 180 3833 3.
201 3785 307 3833 accersi
326 3782 358 3836 ii.
391 3783 520 3832 accersiri
538 3787 577 3832 uel
595 3784 722 3833 arcessiri
741 3786 799 3834 cdd.
814 3813 845 3819 κ
857 3784 881 3834 n.
901 3785 936 3834 bt
954 3790 1010 3834 tum
1023 3785 1056 3839 ii.
1088 3792 1210 3836 ettamen
1226 3789 1295 3837 (bart.

157 3856 267 3900 altune
286 3852 336 3899 Iir.
364 3878 397 3885 -
431 3850 468 3899 tn.
495 3852 552 3899 Crm
575 3852 637 3901 daec
659 3851 736 3901 uerba
754 3868 783 3901 eo
801 3860 920 3916 spretore
939 3855 1078 3917 adparent,
1102 3861 1129 3902 ut
1147 3872 1220 3920 qrmm
1238 3873 1296 3904 corr-

156 3920 300 3967 lemnendrs
324 3924 400 3966 oulen
419 3919 499 3979 fuerit
518 3919 613 3982 Lepidi
634 3922 764 3969 exercilus
781 3923 946 3978 ostendatur,
967 3922 1028 3970 nibil
1050 3923 1120 3970 altrici
1141 3925 1193 3971 diri
1214 3925 1297 3986 petrei!

157 3988 206 4035 nisi
222 3986 282 4039 dor:
302 3988 429 4048 facillume
448 4002 531 4034 oriries
554 3988 644 4035 milites
666 3989 808 4036 conruonert'
823 3994 935 4050 potuisse
954 3996 979 4036 ut
997 4005 1033 4038 em
1050 3993 1104 4037 eires
1121 3988 1215 4038 vacrin
1233 3993 1297 4039 diln-

156 4053 284 4103 derenlur.
322 4055 398 4103 Hunc
415 4069 477 4117 erpo
494 4059 643 4102 sententium
662 4054 694 4102 nb
707 4054 827 4103 Sallustio
838 4059 959 4119 scriptum
974 4057 1055 4117 sitisse
1067 4058 1231 4120 manufestum
1243 4065 1281 4106 erl
1289 4075 1297 4106 :

156 4137 240 4170 omnes
258 4123 350 4170 riirmna
372 4123 487 4170 rnrrcede
509 4124 584 4169 nilum
601 4129 751 4175 articulares,
777 4125 864 4171 trellum
884 4125 1008 4186 Lepidum
1036 4126 1184 4174 deserturos
1205 4127 1296 4187 sitisse.

158 4188 229 4253 Erpa
248 4206 299 4236 rum
320 4190 406 4238 l'nrlin
425 4191 547 4237 ndrorsur
565 4188 588 4240 tii
608 4193 783 4239 alletoritatem
801 4205 854 4237 nou
872 4194 1039 4240 iuserimdum.
1058 4218 1090 4226 -
1112 4191 1151 4240 10.
1171 4208 1219 4256 pro
1234 4191 1296 4241 Coa.

158 4255 191 4308 it.
227 4255 368 4320 proconsul
388 4259 451 4319 uolgi.
477 4282 507 4290 ..
535 4256 572 4303 lii.
593 4256 705 4305 bilibri.
728 4284 757 4289 -
781 4256 817 4305 lli.
841 4258 955 4321 Sulpicii
974 4257 1006 4310 ‘B-
1061 4259 1131 4307 Muri
1150 4258 1182 4312 il.
1203 4286 1235 4294 -
1253 4260 1296 4309 23.

158 4338 192 4371 ne
216 4323 358 4387 potiemini
383 4321 416 4375 ill.
470 4323 574 4371 rabiem
598 4323 630 4376 tt.
668 4324 760 4373 tabem
786 4326 876 4374 Carrio
895 4326 944 4373 Ii'r.
975 4327 1043 4375 Illud
1064 4331 1128 4375 sotio
1151 4329 1299 4389 ‹lesendilur

157 4393 220 4439 loris
239 4392 294 4439 Liu.
314 4388 471 4440 1vneaerr.
490 4391 553 4439 XXI
572 4391 618 4452 48,
637 4389 661 4440 3.
685 4392 801 4441 XXVIII
819 4391 851 4441 34
869 4398 903 4441 ln.
928 4419 954 4428 -
982 4394 1023 4443 24.
1048 4400 1178 4443 secuntur
1200 4393 1233 4447 ii.

1164 4625 1187 4649 Ο
