2768 5010
467 331 771 376 GONMEN'PATIONUM
791 333 863 376 OAP.
886 333 922 376 11.

204 487 261 560 lug.
283 493 347 549 108.
369 493 386 546 2
413 495 476 543 ante
500 504 555 559 qna
578 503 627 544 res
651 488 800 545 carimonis
821 489 952 544 licentius
973 493 1127 561 peraretur
1148 479 1259 561 aliquid,

118 597 193 647 certe
216 590 352 663 integrum
374 607 481 646 versum
503 590 642 653 excidisse,
666 591 718 647 iam
745 589 809 646 olim
830 591 907 648 Ohss.
930 590 1003 647 critt.
1025 609 1052 664 p.
1075 597 1110 651 30
1132 608 1173 664 sq.
1196 606 1261 645 cou-

119 692 202 748 teudi.
247 691 330 760 Quam
348 692 525 754 sententiam,
550 695 593 749 cai
613 691 732 748 llritaius
752 691 935 767 adstipulatus
957 701 1008 755 cst,
1031 710 1081 750 car
1104 709 1178 749 nunc
1195 690 1261 747 abii·

118 795 201 857 ciam,
224 791 327 851 nullam
348 810 471 851 caussam
494 794 580 850 rideo.
624 795 689 851 Nam
711 811 779 868 quae
801 794 834 850 ad
854 794 1054 851 atstandandans
1076 810 1131 866 que
1152 792 1262 869 prolata

119 905 183 952 saint
205 895 238 951 ab
260 895 381 953 lacobsia
403 903 430 953 ct
455 896 594 970 Wagnero
618 894 738 969 (Ztsclrr.
767 896 810 951 fiir
830 895 877 951 das
905 896 934 951 G.
958 897 1001 952 W.
1024 895 1057 952 tx
1076 915 1102 971 p.
1124 898 1176 956 799
1199 893 1260 969 sap).

118 1007 146 1055 et
168 998 276 1072 liuguae
298 998 396 1055 latinae
417 997 524 1071 legibus
552 990 706 1072 repugnant
735 1006 762 1053 ct
783 1015 816 1053 co
837 998 1008 1061 refutantur,
1039 998 1111 1072 qaod
1134 1016 1197 1055 cum
1219 1014 1262 1053 se·

119 1109 219 1176 quatur
239 1119 306 1158 nam
328 1102 363 1157 ab
385 1101 498 1157 insidiis
524 1103 585 1156 eius
609 1103 692 1158 aliter
714 1101 813 1158 caueri
833 1102 1010 1172 nequivisse,
1030 1098 1190 1157 Sallustium
1212 1116 1263 1156 cur

118 1203 238 1278 legatum
260 1203 407 1276 lugurtlrac
434 1202 556 1259 Bocchus
578 1202 739 1265 admisisset,
762 1218 817 1259 non
839 1202 1054 1277 praetermisisse
1078 1201 1261 1258 manufestum

118 1316 169 1369 est,
189 1307 213 1362 id
235 1304 308 1381 quod
329 1313 408 1362 acutc
429 1313 628 1380 perspexerunt
650 1305 674 1362 ci
694 1304 798 1361 librarii
819 1305 865 1379 qui
888 1321 938 1362 suo
958 1312 1044 1361 marte
1067 1303 1191 1360 lacunam
1215 1321 1260 1359 ex-

118 1409 193 1484 plere
215 1408 305 1465 conati
322 1414 394 1463 sunt.
439 1405 498 1474 Quo
522 1415 682 1479 arguissento
703 1406 782 1463 simul
804 1406 932 1464 Gronovii
952 1407 1108 1463 coniectura
1122 1407 1193 1478 quin
1209 1405 1262 1460 rei·

118 1511 198 1567 citur.
239 1510 365 1566 Ceteram
387 1526 448 1565 cam
467 1509 510 1566 liic
532 1509 610 1566 locus
626 1509 783 1579 testimonio
804 1509 848 1571 sit,
865 1507 1010 1583 cacnrplar,
1034 1508 1105 1565 unde
1123 1507 1262 1582 posterio-

119 1629 163 1669 res
190 1610 294 1666 librarii
324 1609 543 1685 conplementum
572 1610 676 1685 amplae
704 1610 777 1667 illius
805 1610 930 1673 lacunae,
958 1628 1026 1685 quac
1052 1609 1262 1666 vetustissumos

120 1730 213 1769 omnes
235 1712 320 1769 lihras
343 1712 450 1775 insedit,
474 1730 610 1788 accepere,
634 1714 726 1770 eadem
749 1722 845 1769 aratura
867 1712 961 1774 luisse,
985 1721 1067 1786 atquc
1089 1711 1165 1774 illud,
1189 1711 1261 1767 unde

119 1815 220 1872 relicua
248 1823 398 1889 propagata
420 1820 497 1878 sunt,
531 1832 562 1871 ea
589 1832 669 1888 quam
691 1833 773 1889 supra
795 1815 849 1872 dixi
872 1815 1022 1877 sententia,
1052 1831 1146 1871 ornnes
1173 1812 1261 1868 libras

119 1935 199 1973 mauu
221 1918 339 1992 scriptos
362 1933 442 1972 unam
464 1916 630 1990 eandemque
654 1918 787 1991 originem
809 1917 917 1979 habere,
939 1917 1122 1974 confirmatur.

204 2019 239 2075 tto
257 2019 297 2074 cis
319 2018 401 2081 lacis,
429 2019 475 2074 ubi
505 2036 537 2074 ex
557 2018 753 2075 vetustioribus
782 2018 859 2074 liliris
890 2020 962 2094 apuod
993 2020 1019 2076 in
1043 2018 1152 2075 relicuis
1178 2018 1261 2073 amis·

118 2140 178 2179 suni
210 2122 397 2196 recipiundum
425 2119 560 2183 vialeatur,
595 2121 664 2177 inira
690 2120 844 2196 disputabo.
890 2122 1016 2178 Ceterum
1047 2138 1101 2176 non
1135 2120 1285 2201 omittmu(

118 2243 172 2282 ono
196 2225 257 2281 loca
277 2231 418 2298 praetcrea
439 2222 504 2278 milti
528 2223 612 2278 visum
639 2241 698 2279 esse
721 2223 821 2299 aliquid
845 2224 983 2282 excidisse.
1026 2225 1082 2294 lug.
1106 2226 1183 2283 187
1208 2222 1260 2277 Nu·

118 2328 248 2384 midannn
268 2325 385 2383 nominis
408 2325 542 2398 originem
563 2324 625 2380 Sall.
647 2324 834 2383 declaraturus
854 2327 920 2384 laaac
935 2327 1058 2400 scripsit:
1087 2325 1126 2381 Ei
1139 2323 1260 2397 (Persae)

115 2431 257 2501 patuluiim
275 2444 330 2501 per
347 2427 469 2484 conubio
492 2427 627 2483 Gaetulas
650 2442 746 2485 secum
771 2431 912 2486 miscuere
938 2436 966 2484 et
990 2429 1057 2499 patio
1080 2441 1169 2498 saepe
1192 2433 1259 2482 tem·

115 2537 232 2604 piantes
254 2545 341 2603 apros
363 2531 430 2596 olio,
454 2531 555 2586 deinde
576 2530 634 2584 alia
656 2531 719 2587 laco
736 2535 910 2602 petiverant,
938 2536 1025 2586 semet
1045 2530 1104 2601 ipsi
1119 2530 1261 2585 nomadas

118 2634 309 2704 adpellooere.
351 2630 484 2687 Nomadas
506 2631 540 2687 ali
566 2631 702 2705 scriptore
723 2633 856 2707 scriptum
882 2633 966 2688 luisse
987 2649 1049 2689 cum
1073 2630 1258 2686 uetustissumi

118 2734 259 2808 eidemque
283 2733 388 2807 optumi
411 2731 474 2788 ituri
484 2741 691 2810 contestantur,
712 2741 768 2791 tum
789 2736 849 2791 iude
871 2735 1053 2792 manufestum
1075 2739 1126 2793 est,
1148 2731 1259 2805 quodsi

119 2835 145 2892 id
169 2833 326 2891 vocabulum
349 2852 403 2890 uon
426 2837 578 2909 posuisset,
601 2853 681 2891 tremo
706 2836 782 2893 facilc
803 2837 866 2911 quid
893 2837 944 2893 silai
966 2834 1047 2892 vallet
1071 2833 1261 2890 intellecturus

119 2938 177 2993 luit.
223 2936 311 2992 llilrilo
334 2937 422 2992 minus
438 2938 535 2993 mirum
553 2946 604 2999 est,
627 2938 650 2992 si
673 2937 699 2993 S.
720 2938 745 2994 id
769 2939 857 3012 ipsum
872 2956 981 2999 ticinen,
1003 2937 1081 2994 cuius
1100 2936 1260 3009 originatio-

119 3057 179 3095 nem
208 3039 352 3095 ostendore
382 3038 454 3101 velit,
482 3036 516 3095 nc
540 3041 783 3096 conincmorarcrit
811 3041 927 3114 quidem.
971 3039 1048 3108 Quod
1075 3055 1118 3093 aare
1146 3038 1172 3093 in
1202 3054 1260 3093 caan

118 3150 236 3197 mentem
264 3140 377 3215 inpulit,
388 3149 437 3237 fl
465 3141 639 3198 scribundum
661 3141 810 3199 arbitrarer
835 3150 923 3199 semet
949 3144 1007 3214 ipsi
1030 3140 1260 3196 dumiensis.

118 3245 257 3300 viomadus
279 3244 470 3314 adpcliooere.
518 3242 565 3299 Set
586 3235 707 3316 quamuis
729 3245 752 3299 ei
779 3245 952 3301 coniecturae
973 3242 1075 3316 aliquid
1098 3240 1261 3299 conmenda-

119 3346 201 3402 tiouis
220 3345 254 3401 ah
272 3345 312 3401 cis
332 3343 410 3401 libris
431 3344 560 3401 adsedere
582 3346 727 3408 sidereum,
752 3347 798 3420 spui
822 3364 873 3421 pro
891 3347 1031 3402 nornodas
1051 3343 1179 3400 exlailront
1200 3344 1260 3399 Nu·

119 3450 220 3515 midas,
243 3446 430 3521 superscripto
455 3449 498 3503 uel
518 3449 673 3513 instabiles,
696 3457 783 3504 tauram
806 3449 839 3504 de
858 3466 887 3503 ea
911 3465 940 3503 re
965 3447 1025 3503 aliis
1046 3446 1174 3502 iudicium
1198 3462 1261 3519 per·

48 3536 50 3540 Α
119 3552 227 3607 mittere
243 3549 333 3610 malui,
354 3566 387 3605 eo
403 3549 497 3622 magis,
519 3549 591 3623 quod
607 3548 752 3605 Sallustios
772 3551 806 3613 id,
823 3540 895 3624 quod
915 3549 1113 3605 ‹lubitationeau
1129 3555 1260 3609 nrovcret,

119 3653 207 3709 verbis
234 3652 304 3708 inira
330 3660 357 3711 ll
390 3668 425 3707 ac
452 3658 551 3722 posteo
579 3653 691 3708 nominc
718 3653 858 3709 Numidae
886 3650 996 3726 scriptis
1026 3650 1082 3724 ipse
1111 3648 1259 3705 rcauovisse

117 3756 199 3811 videri
222 3761 324 3828 posset.

202 3857 369 3930 Quicumque
389 3854 545 3912 Sallustium
563 3855 671 3912 adtente
694 3853 800 3928 legerit,
824 3873 884 3912 eunr
907 3854 941 3911 ali
965 3853 1092 3910 connruui
1111 3861 1256 3908 consueto·

117 3962 179 4016 dine
200 3961 390 4020 llorarauorunr,
413 3967 441 4013 ut
463 3957 507 4013 ubi
531 3956 629 4031 aliquis
652 3957 768 4031 primum
787 3957 974 4013 nominaretur
995 3970 1160 4030 praenomen
1181 3972 1254 4029 prae

118 4063 280 4124 mitteretur,
295 4069 359 4117 'nou
377 4060 521 4116 recessisse
537 4058 629 4115 traadtis
650 4058 717 4114 loeis
732 4058 901 4132 exploratum
921 4057 1038 4114 lrabcliit.
1082 4055 1137 4124 Qua
1154 4074 1183 4112 re.
1203 4073 1253 4112 nita:

118 4162 235 4219 dubitavi
256 4162 312 4233 lug.
337 4171 375 4223 ta,
400 4161 470 4223 att.
493 4170 588 4218 corrtra
611 4161 698 4217 arrianis
719 4159 804 4215 lilrros
824 4160 951 4221 inserere,
975 4175 1136 4233 quanrquam
1160 4158 1250 4215 fateor

117 4265 181 4320 milri
205 4262 301 4320 molius
322 4264 427 4337 plan-ere
449 4263 488 4318 M.
511 4263 651 4331 Scaurus,
672 4270 702 4317 ut
723 4269 800 4330 aas
822 4262 977 4317 tiaratiuatus
995 4268 1045 4319 est.
1069 4268 1099 4316 ut
1122 4261 1249 4317 Aemiliae

118 4366 211 4441 potius
233 4364 369 4437 glosseuaa
390 4365 439 4427 sit:
469 4374 565 4422 aarum
586 4371 633 4423 ⁶28.
658 4374 674 4422 t
702 4381 867 4438 praenimium
886 4382 940 4420 raon
960 4380 1041 4437 aegre
1064 4361 1247 4418 desideramus
