2768 5010
456 379 761 422 conmnnrarronuu
784 377 855 420 cae.
871 379 902 421 v.
1193 359 1253 422 119

110 537 235 611 Plerique
264 545 292 592 et
315 536 420 610 optumi
442 533 504 591 libri
528 536 689 608 quindecim
713 542 839 597 tuentur,
862 532 908 590 alii
930 535 1092 597 duodecim,
1112 534 1192 591 multi
1214 537 1254 593 ni·

109 642 181 713 peut
199 637 339 714 praebent.
384 637 438 694 lam
466 645 575 695 constat
596 638 664 694 lianc
691 637 843 695 eratieuern
871 654 894 691 a.
916 654 939 691 a.
962 653 988 693 u.
1010 641 1063 697 643
1090 637 1123 710 (a.
1142 636 1169 692 G.
1193 635 1254 709 lll)

112 743 231 799 habitam
254 758 314 797 esse
345 737 472 811 (Fischer
492 739 555 796 Tab.
575 758 601 815 p.
626 738 695 812 156).
739 739 804 795 Gum
835 747 925 795 autem
951 738 981 794 G.
1008 738 1146 796 Memmius
1174 754 1253 814 quam

113 845 189 901 foede
209 860 345 918 quamque
368 842 447 898 inulti
470 841 602 916 perierint
623 841 711 916 plebis
734 841 895 898 defensores
920 848 1113 903 conmemoret‚
1143 857 1255 898 necesse

112 955 155 1002 est
182 946 215 1003 ab
243 944 373 1001 Sallustio
403 961 545 1000 numerum
573 961 706 1000 annorum
734 943 854 1017 positum
890 942 973 1000 luisse
1007 943 1054 1016 qui
1084 942 1113 997 G.
1142 941 1254 1000 Gracchi

113 1049 225 1124 eiusque
255 1054 421 1104 sectaturum
450 1063 542 1103 necem
572 1045 722 1102 includeret
747 1044 788 1100 vel
810 1046 877 1101 adeo
903 1042 948 1118 qui
974 1042 1007 1099 ab
1029 1043 1120 1101 Tiberi
1143 1044 1254 1102 Gracchi

114 1150 252 1207 tribunatu
283 1156 442 1204 numeratus
461 1156 541 1205 esset.
587 1147 703 1215 Quodsi
720 1148 819 1220 oipinti
834 1146 967 1221 scriptum
983 1145 1088 1210 fuisset,
1112 1166 1167 1222 quo
1183 1165 1255 1206 anuo

114 1253 236 1309 Tiberius
265 1249 402 1307 Gracchus
431 1250 536 1307 occisus
564 1258 606 1306 est
632 1248 825 1322 (621=t33)
850 1265 963 1305 enumero
991 1265 1024 1331 eu
1053 1248 1173 1306 inclusus
1199 1267 1253 1306 uon

113 1362 192 1417 esset.
215 1362 243 1410 et
265 1354 289 1410 si
306 1353 469 1426 scriptorem
491 1353 519 1407 in
534 1350 692 1408 uuiversum
710 1350 871 1424 significare,
896 1367 976 1425 quam
992 1350 1119 1408 adcurate
1142 1352 1254 1409 delinire

114 1455 241 1512 maluisse
262 1454 376 1515 dixeris,
405 1454 494 1528 aptius
517 1454 550 1509 ad
573 1453 653 1509 huius
680 1453 733 1510 loci
761 1461 898 1509 naturam
910 1452 962 1508 luit
990 1454 1084 1528 augeri
1113 1472 1255 1512 numerum

114 1575 193 1632 apuam
209 1558 303 1615 minui.
337 1556 437 1612 Contra
454 1556 601 1612 duodecim
616 1571 745 1611 numerus
765 1563 875 1630 eptumc
891 1556 1025 1619 convenit,
1051 1574 1112 1614 cum
1128 1556 1157 1612 G.
1175 1557 1255 1613 Grac-

112 1660 180 1717 clius
203 1680 226 1716 a.
250 1666 298 1721 631
324 1657 396 1731 (123)
420 1657 546 1715 tribunus
566 1656 656 1732 plebei
678 1657 776 1720 luerit,
804 1663 857 1718 633
887 1658 1048 1715 interlectos
1078 1659 1122 1715 sit.
1167 1659 1254 1728 Ouin-

113 1764 204 1819 decim
221 1763 243 1819 si
259 1760 401 1836 probatur,
425 1777 521 1816 rursus
542 1760 575 1815 ad
598 1759 664 1816 illud
689 1759 902 1833 confugiendum
925 1768 976 1824 est,
999 1760 1088 1817 minus
1110 1761 1256 1836 diligenter

112 1864 258 1939 scripsisse
281 1863 452 1938 scriptorem.
497 1861 544 1918 Set
567 1880 629 1919 cum
652 1862 722 1918 inira
743 1867 757 1923 7
782 1862 872 1919 Tiberi
895 1862 1007 1918 Gracchi
1031 1880 1082 1921 nes
1101 1881 1256 1922 conmemo-

113 1974 200 2029 retur,
220 1964 254 2021 ab
274 1963 347 2022 omni
370 1964 425 2020 veri
448 1965 539 2039 specie
562 1963 707 2027 abherret,
738 1965 797 2021 cius
828 1963 1004 2020 inmemorem
1032 1963 1116 2021 fuisse
1140 1967 1256 2041 scripto-

111 2085 180 2129 rem.
203 2084 264 2124 eum
288 2066 364 2135 illum
382 2083 525 2123 numerum
551 2067 692 2123 scriberet.
738 2065 804 2133 Quid
830 2065 932 2138 igitur?
970 2054 1065 2122 Nonne
1086 2054 1183 2123 omnes'
1208 2085 1256 2126 eus

111 2186 252 2232 uumerus,
275 2169 321 2244 qui
343 2169 370 2224 in
392 2168 469 2225 libris
492 2177 569 2228 sunt,
597 2167 680 2225 salsus
708 2185 768 2225 esse
796 2168 921 2241 adparet,
947 2175 1029 2240 atque
1053 2176 1100 2224 aut
1121 2168 1188 2226 xxv
1209 2178 1258 2228 aut

112 2271 181 2328 xxtt
204 2270 379 2329 scribendum
402 2270 479 2327 esse?
524 2270 635 2327 luterim
658 2279 754 2333 taruco,
776 2270 848 2344 quod
876 2269 904 2324 in
923 2270 1044 2345 optumis
1064 2269 1143 2328 libris
1164 2272 1257 2329 inven-
1295 2330 1299 2338 ,

113 2381 174 2432 tum
194 2367 249 2438 est,
279 2374 409 2430 intactum
432 2371 540 2447 reliqui.
571 2402 608 2412 —
637 2370 727 2428 Eiusd.
746 2391 804 2447 cap.
828 2372 855 2443 S.
880 2379 913 2431 10
934 2388 994 2428 cnm
1019 2389 1113 2430 omues
1141 2390 1257 2432 consen·

112 2478 226 2540 sissent,
249 2492 305 2532 nou
323 2475 357 2531 de
377 2474 475 2548 pracda
501 2492 533 2530 ea
555 2474 706 2530 honoribus
730 2475 860 2548 capienda
884 2482 926 2530 set
947 2474 981 2530 de
1002 2474 1155 2533 honoribus
1178 2478 1256 2551 quasi

112 2597 167 2655 pre
185 2578 284 2653 praeda
299 2577 386 2650 captis
399 2577 459 2639 dici.
477 2577 542 2651 quin
554 2578 695 2649 praedas,
708 2577 781 2651 qrrod
797 2577 864 2633 adeo
878 2578 1034 2633 coniectura
1057 2579 1257 2636 restituendum

114 2682 178 2742 luit,
200 2681 351 2754 reciperem
374 2696 407 2734 eo
431 2679 520 2734 miuus
542 2678 666 2735 dubitare
689 2677 828 2741 debebam,
850 2697 912 2736 cum
936 2679 963 2734 in
979 2677 1107 2736 Vaticano
1130 2680 1156 2736 id
1173 2690 1254 2738 esset.
1344 2746 1354 2764 ο

114 2781 226 2839 Scilicet
238 2780 341 2837 librarii
354 2781 538 2837 membrorum}
550 2780 753 2853 aequandorum
769 2781 860 2836 studio
872 2781 898 2835 io
914 2797 1024 2854 prauum
1037 2780 1165 2837 abstracti
1183 2792 1256 2840 sunt.

116 2916 156 2927 -
187 2884 254 2939 'lum
281 2885 308 2955 S.
337 2889 385 2946 17.
414 2900 577 2958 quamquam
605 2882 651 2938 diu
679 2880 849 2955 multumque
873 2880 1001 2945 dubitari,
1034 2891 1121 2938 tannen
1150 2885 1256 2942 tandem

114 2987 251 3043 librorum
274 2992 450 3060 optumerum
466 2993 541 3040 tanto
556 2985 701 3040 consensui
717 2983 865 3040 cedendum
880 2983 1028 3040 arbitratus
1042 3001 1136 3041 sienne
1151 2987 1256 3061 scripsi,

115 3090 218 3163 quippe
240 3105 301 3144 cum
323 3086 442 3143 uurrume
462 3087 494 3142 ab
518 3086 622 3142 blemmi
656 3085 766 3159 ingenio
795 3083 911 3141 alienum
939 3084 1077 3142 videretur
1104 3087 1141 3142 ita
1168 3088 1257 3146 dicere

114 3200 148 3248 ut
172 3199 321 3261 procerte
344 3189 370 3244 id
393 3206 422 3244 sc
445 3197 602 3261 exspectare
625 3187 790 3261 significaret
813 3186 873 3259 (cir,
893 3186 974 3243 lladv.
994 3188 1026 3243 ad
1049 3189 1101 3246 Cic.
1124 3189 1149 3245 d.
1171 3192 1216 3247 sm.
1236 3191 1258 3247 ll

114 3303 141 3356 :t
164 3301 197 3353 ιο
218 3312 246 3368 p.
267 3300 324 3352 153.
361 3290 441 3346 lilotz
462 3290 526 3345 ttov.
551 3293 619 3345 hon.
642 3289 708 3345 Xhll
727 3309 753 3364 p.
781 3296 836 3351 134.
875 3289 987 3347 l'ischer
1012 3291 1045 3346 ad
1074 3292 1126 3348 Gic.
1148 3292 1258 3350 'luscl

113 3403 142 3457 8,
169 3394 219 3467 ll).
264 3393 356 3468 licque
378 3393 524 3449 obscurum
544 3399 601 3453 est,
622 3391 653 3446 nd
677 3390 756 3446 talem
778 3409 854 3466 spem
872 3391 981 3465 mliuogi
1004 3393 1152 3466 aptissume
1175 3395 1259 3451 inter·

116 3498 290 3571 rogationem
313 3495 395 3557 illam,
419 3502 587 3568 quaeratur
608 3493 658 3548 sibi
681 3492 751 3549 obici
772 3494 869 3567 lingat:
893 3512 959 3568 ergo
982 3512 1010 3550 sc
1031 3496 1209 3552 atrocissume
1231 3497 1259 3553 in

65 3580 68 3585 ¹
116 3607 274 3675 optumates
302 3597 489 3654 vindicandum
511 3613 632 3653 censere.
663 3626 700 3636 —
729 3597 756 3667 S.
783 3603 817 3655 18
843 3597 918 3652 vobis
941 3595 1032 3669 recepi
1057 3595 1139 3657 exhi
1167 3607 1195 3653 et
1214 3590 1258 3662 1³¹,

117 3720 174 3758 nou
195 3699 284 3757 sulum
309 3701 372 3774 quia
402 3700 438 3756 ita
463 3699 632 3755 constructio
661 3698 750 3753 mirrus
779 3697 899 3770 inpedita
918 3696 1072 3758 videbatur,
1103 3707 1144 3753 set
1172 3699 1259 3756 multo

118 3804 214 3878 magis,
238 3802 312 3877 quod
332 3810 426 3875 aperte
443 3800 589 3856 dicundum
611 3800 677 3855 luit:
701 3817 732 3855 ea
751 3799 848 3855 iecisse
870 3798 903 3853 ab
924 3798 1057 3871 dignitate
1078 3799 1173 3874 populi
1196 3799 1260 3857 alie·

119 3925 184 3962 num
204 3913 255 3961 est.
301 3903 377 3971 Quod
400 3920 464 3959 vere
488 3903 515 3957 in
537 3896 567 3957 1³¹
590 3917 638 3958 ons
657 3909 813 3958 courcctum
839 3902 888 3962 cst,
912 3918 942 3957 ea
965 3918 1019 3963 res,
1042 3917 1121 3973 quam
1141 3900 1261 3975 permul-

120 4009 155 4064 tis
178 4006 246 4064 locis
269 4007 366 4063 laetam
384 4022 443 4060 esse
466 4004 601 4078 reperies,
631 4003 765 4065 ostendit,
794 4011 912 4077 quantus
938 4001 1112 4057 librariorum
1140 4004 1260 4060 ululandi

120 4109 244 4184 pinnitus
261 4108 294 4164 ad
315 4105 534 4183 conrumpendes
552 4105 663 4162 Sallusti
681 4103 895 4161 librosaduisus
914 4104 957 4161 sit.
981 4135 1017 4145 -
1040 4106 1105 4161 Gum
1125 4106 1176 4161 inm
1195 4105 1261 4162 oliru

120 4212 152 4267 ad
163 4212 221 4284 lug.
240 4229 267 4284 p.
286 4215 338 4271 232
361 4208 540 4265 ostendissem
555 4210 686 4263 omittere
702 4224 757 4263 nun
772 4224 917 4280 numquam
935 4207 1037 4263 dictum
1055 4224 1115 4263 esse
1130 4207 1164 4263 de
1179 4207 1260 4264 rebus

121 4313 248 4370 consulto
269 4311 462 4385 neglegentiis,
494 4328 549 4366 uun
576 4311 654 4385 potui
683 4325 737 4364 non
764 4308 879 4382 obsequi
902 4309 929 4381 S.
952 4314 985 4368 25
1009 4307 1037 4369 ‘li
1059 4310 1196 4366 amittatis
1216 4326 1261 4366 es·

123 4400 235 4472 bibenti.
280 4412 358 4483 Quod
378 4430 412 4470 eo
429 4412 535 4470 lucilius
554 4411 666 4488 probavi
682 4411 754 4485 quod
768 4410 873 4467 interca
891 4428 1072 4488 cognoveram
1088 4411 1141 4468 iarn
1157 4417 1262 4468 veteres
