2768 5010
509 359 812 406 conuunuentonuat
835 360 906 406 ΟΑΡ.
930 362 959 407 V.

675 717 743 797 Cap.
766 717 798 778 V.

514 903 573 976 De
604 903 945 979 emendationibus.

251 1110 323 1168 Nihil
344 1112 430 1168 (licam
450 1111 483 1167 de.
506 1113 545 1167 eis
567 1111 643 1175 loeis,
665 1112 807 1188 inquibus
828 1113 869 1170 vel
890 1113 1013 1170 codicum
1035 1113 1196 1187 scripturam
1220 1130 1310 1168 veram

168 1213 209 1270 vel
233 1223 332 1270 restam
354 1213 511 1269 emendandi
534 1214 666 1270 rationem
688 1215 721 1271 ab
741 1214 802 1272 aliis
824 1223 958 1272 ostentam
985 1232 1044 1271 esse
1067 1215 1100 1270 ab
1123 1213 1250 1269 omnibus
1273 1215 1310 1268 ri-

167 1318 205 1373 ris
224 1317 312 1373 ‹loetis
336 1313 502 1370 intellectum
525 1324 575 1378 est,
595 1315 668 1373 velut
692 1316 725 1372 tle
747 1318 803 1373 Cat.
832 1327 853 1379 t,
870 1323 895 1379 7,
918 1315 964 1372 ubi
986 1334 1065 1373 nemo
1089 1333 1160 1371 nune
1183 1314 1310 1371 Pelmerii

166 1427 245 1491 repet
266 1416 404 1492 amplexus
427 1425 515 1479 tenet:
534 1417 566 1473 de
587 1418 626 1474 eis
647 1426 751 1474 tautum
772 1418 926 1493 disputabo,
946 1419 979 1474 tle
1002 1416 1100 1492 quihus
1124 1417 1310 1473 vehementius

166 1520 311 1577 etiamnum
333 1517 473 1574 dubitatur
495 1517 536 1574 vel
555 1518 634 1575 aliam
654 1538 732 1594 quam
756 1520 850 1577 relicui
870 1520 937 1575 viam
959 1520 1123 1594 sequendam
1145 1528 1223 1595 puto.

252 1636 433 1693 Noliilissuma
461 1638 594 1694 sententia
627 1648 668 1695 est
690 1638 745 1695 Cat.
770 1646 799 1700 2.
822 1647 839 1700 9
868 1655 966 1696 verum
991 1641 1133 1695 enimvero
1154 1640 1179 1695 is
1195 1641 1309 1695 demum

166 1741 237 1796 mitri
258 1742 351 1796 vivere
376 1745 462 1810 atque
488 1738 556 1825 spui
581 1742 678 1796 animo
704 1743 830 1808 videtur,
863 1744 914 1812 qui
938 1743 1033 1813 atiquo
1056 1742 1166 1812 nepotis
1184 1742 1311 1797 intentus

163 1844 315 1916 praeclari
330 1840 474 1913 soeirrorr's
496 1848 547 1897 aut
568 1845 641 1898 artis
660 1843 750 1899 borrae
771 1842 883 1915 sunium
912 1845 1035 1914 quaerit.
1081 1841 1234 1898 lllrlativnm
1257 1845 1310 1899 ulr'·

167 1963 223 2018 quo
246 1946 355 2017 nepotio
384 1958 439 1998 non
465 1961 546 2017 posse
572 1961 633 2000 cnm
660 1946 786 2000 intentus
808 1945 950 2019 coniungi,
982 1945 1034 2001 nisi
1058 1953 1089 2000 ut
1111 1945 1162 2001 lioe
1184 1945 1309 2001 absolute
1332 2019 1337 2026 β

166 2047 267 2104 dietum
289 2055 362 2103 esset
383 2052 411 2101 et
434 2042 551 2101 ablativo
577 2063 621 2102 res
649 2063 701 2119 qna
731 2054 761 2101 ut
789 2045 888 2120 aliquis
912 2047 1032 2103 intentus
1056 2055 1130 2102 esset
1152 2045 1310 2103 efficeretur

167 2148 378 2224 exprimeretur,
406 2164 499 2202 omnes
525 2164 655 2204 censuere
684 2147 749 2219 (elr.
778 2148 857 2204 Roth.
886 2148 919 2203 ad
942 2147 1002 2204 Tae.
1027 2148 1116 2221 Agris.
1140 2154 1173 2208 12
1196 2167 1223 2224 p.
1249 2155 1308 2209 161.

166 2253 246 2308 Peter
267 2251 299 2306 ad
322 2250 374 2305 uic.
396 2250 439 2303 Or.
461 2255 485 2311 t,
505 2258 521 2308 ὀ
544 2268 569 2322 p.
592 2249 644 2322 98).
687 2250 767 2306 lleete
791 2249 816 2304 id
838 2248 939 2306 dieitur
957 2250 991 2305 rle
1013 2267 1044 2304 ea
1069 2266 1107 2312 re,
1127 2267 1179 2323 qna
1202 2251 1309 2306 animus

168 2362 290 2412 tenetur,
320 2350 392 2407 velut
418 2349 473 2422 lug.
497 2356 544 2412 m,
574 2351 743 2411 3Metettus
769 2383 810 2392 —-
833 2353 1034 2422 expectatione
1061 2358 1178 2408 eventus
1205 2355 1309 2409 eisdem

167 2457 277 2510 animos
293 2456 415 2510 intentos
431 2453 575 2522 putabet,
598 2453 623 2507 li.
646 2452 663 2508 l.
686 2462 778 2527 aptum
808 2470 862 2510 non
891 2460 946 2514 est,
976 2453 1103 2526 quoniam
1133 2471 1164 2509 ea
1191 2471 1236 2510 res
1267 2463 1310 2510 est

168 2557 237 2612 larua
258 2553 389 2629 praeclari
413 2552 542 2610 facinoris
564 2562 611 2609 aut
632 2554 699 2609 artis
723 2555 825 2615 bonae,
855 2571 909 2610 nou
932 2552 1043 2628 aliquod
1063 2555 1213 2628 negotium.
1259 2556 1310 2613 Ne·

168 2674 220 2732 que
242 2655 401 2730 metaphora
421 2654 455 2710 alr
473 2672 536 2712 areu
555 2663 662 2729 sumpta
684 2656 710 2710 n.
733 2656 751 2710 l.
772 2656 912 2717 convenit,
936 2655 998 2729 quia
1019 2673 1079 2712 eum
1106 2674 1197 2712 areum
1221 2657 1309 2713 inteu-

168 2767 225 2814 tnm
248 2767 379 2819 tenemus,
402 2757 465 2812 data
484 2756 562 2830 eopia
585 2774 697 2831 scopum
720 2766 831 2831 turgere
853 2756 940 2832 parati
960 2774 1063 2818 sumus,
1083 2757 1108 2813 li.
1126 2756 1143 2812 Ι.
1159 2767 1249 2815 autem
1265 2762 1309 2815 irr-

167 2867 261 2916 tentus
286 2876 340 2916 non
366 2858 536 2933 adparatum.
566 2866 608 2914 set
632 2859 740 2915 modum
765 2877 795 2915 ae
822 2860 954 2917 rationem
983 2860 1128 2932 quaerendi
1157 2860 1310 2934 significare

167 2961 348 3017 manufestum
366 2969 416 3016 est.
462 2960 534 3028 Quae
555 2978 616 3017 euru
640 2960 851 3025 intellexissent,
876 2961 922 3017 alii
945 2964 1041 3034 aliquo
1059 2979 1091 3018 ex
1113 2963 1223 3034 aliquoi
1243 2980 1309 3019 eon-

167 3071 278 3138 ruptum
299 3080 358 3118 esse
379 3070 541 3126 statuerunt,
565 3079 680 3137 quorum
700 3063 860 3119 senteutiam
889 3063 1067 3138 conprobavit
1085 3062 1242 3120 Gerlaehius
1265 3065 1308 3120 erl.

167 3164 267 3221 noviss.
281 3183 307 3238 p.
322 3163 385 3218 XVl.
426 3165 459 3218 lt
472 3165 621 3221 Arusianus
643 3183 669 3239 p.
692 3171 744 3224 243
763 3165 792 3220 L.
816 3165 868 3221 iam
888 3164 921 3220 ab
943 3166 1081 3222 veteribus
1103 3165 1247 3222 alslativum
1271 3165 1310 3222 le·

166 3275 240 3322 ctum
261 3284 321 3321 esse
350 3274 466 3322 testatur
495 3275 522 3322 st
545 3268 634 3323 alieni
660 3268 769 3338 trepotr'o
795 3285 850 3323 nou
878 3267 959 3323 ruodo
987 3267 1155 3342 superfluum
1182 3277 1240 3329 est,
1267 3276 1311 3324 set

167 3368 234 3424 arleo
255 3368 417 3423 seutentiam
446 3368 588 3424 obscuram
618 3369 689 3424 lacit.
734 3368 800 3436 Quid
826 3369 930 3442 igitur?
979 3348 1117 3425 Alilatirus
1141 3370 1309 3443 coniungen-

165 3471 216 3526 dus
237 3479 280 3526 est
300 3488 361 3526 eum
381 3472 503 3542 quaerit.
547 3470 580 3526 m
605 3472 683 3526 nullo
711 3473 820 3543 nepotio
848 3469 911 3543 (Cic.
934 3470 966 3526 ad
989 3473 1044 3526 au.
1067 3471 1089 3526 ll
1112 3477 1153 3533 16,
1175 3478 1205 3531 3:
1235 3470 1308 3527 sict-

165 3575 233 3628 lr'um
254 3581 351 3629 terrere
373 3575 451 3628 trullo
469 3574 578 3645 nepotis
595 3573 724 3644 potuit),
747 3590 849 3645 mopere
878 3574 989 3645 nepotio
1016 3570 1100 3645 (Cels.
1122 3571 1165 3628 Vll
1186 3583 1217 3633 5:
1241 3575 1309 3641 tela,

166 3690 241 3746 qrcee
262 3705 304 3714 -
325 3675 494 3740 haeserunt,
521 3691 625 3746 rnupuo
654 3675 763 3746 nepotio
785 3689 871 3745 saepe
891 3676 1067 3747 eiciuntur),
1094 3681 1173 3730 tanto
1197 3678 1309 3748 nepotio

167 3775 230 3848 (Cic.
250 3776 282 3832 ad
306 3778 367 3832 lirin.
394 3775 415 3831 ll
437 3784 477 3837 10,
492 3783 522 3836 3:
545 3778 748 3849 oppupnubom
770 3777 905 3848 oppidum
932 3806 975 3816 -
996 3779 1084 3832 tentis
1105 3777 1206 3848 opibus
1228 3783 1309 3833 toute

166 3880 299 3953 nepotio),
325 3879 364 3935 sic
386 3880 482 3950 atiquo
503 3881 613 3950 nepotis
635 3878 735 3934 dieitur
754 3895 819 3953 pro:
842 3878 979 3959 non-siue
1001 3876 1093 3951 aliquo
1118 3878 1221 3934 laboro.
1258 3877 1309 3934 Ne·

167 3997 220 4053 qne
242 3997 468 4053 supervacaneum
490 3988 541 4043 est,
562 3980 635 4054 quod
663 3979 788 4054 sequitur
811 3982 937 4036 intentus
959 3978 1093 4051 (absolute
1113 3980 1231 4042 dictum:
1254 3980 1307 4036 vid.

163 4080 264 4137 luds.
288 4081 336 4154 v.)‚
361 4081 424 4156 quia
449 4083 553 4154 atiquo·
569 4085 679 4154 nepotr'o
703 4081 736 4137 ad
764 4082 938 4143 industriam,
967 4082 1064 4138 virium
1088 4080 1307 4144 eontentionem,

166 4184 291 4238 intentus
314 4184 345 4238 arl
370 4183 452 4238 animi
475 4201 566 4239 euram
589 4193 617 4239 et
636 4182 806 4256 diligentiam
821 4183 1098 4281 pertinere'adparet.
1139 4183 1177 4238 lld
1198 4192 1307 4240 senten·

166 4291 230 4340 tmm
253 4293 341 4340 autem
360 4284 538 4359 aptissumum
568 4294 618 4341 est.
658 4285 730 4352 Quae
759 4286 831 4341 enim
854 4286 922 4342 laina
948 4303 1008 4341 eum
1031 4293 1231 4360 consequetur,
1260 4286 1306 4360 qui

165 4386 224 4443 sine
242 4385 335 4442 labore
362 4403 393 4443 ae
420 4404 484 4443 eura
513 4385 618 4443 laudern
642 4390 771 4462 quaerat?
814 4390 851 4444 lle
874 4387 954 4445 talem
975 4388 1119 4464 scriptoris
1144 4387 1306 4445 sententiam
