2768 5010
455 391 680 435 rnsronrsavu
702 380 763 434 irs.
788 392 835 433 ιιι.
872 383 1005 439 33-35.
1263 369 1298 433 'li

160 542 346 607 qrradragiuta
364 543 452 593 tribus
470 542 540 593 loeis
557 544 719 608 scriptorem
733 547 856 593 nostram
872 541 1017 592 Sallustium
1036 542 1231 605 nominaverit,
1249 541 1302 592 hoc

160 611 218 661 scio
240 611 300 660 loeo
322 613 434 676 Crispum
457 612 544 661 dixit?
567 626 656 660 nonne
680 611 778 660 mirum
801 611 872 675 qnod
895 610 922 659 h.
947 609 965 658 l.
990 609 1065 659 solus
1088 624 1216 660 numerus
1238 608 1303 660 libri

160 695 194 728 ne
216 679 298 728 titulo
317 679 425 743 quidem
444 680 535 743 operis
554 679 677 740 adiecto,
704 693 783 741 (luem
807 678 876 727 alibi
899 692 1006 742 semper
1030 671 1152 726 additum
1168 677 1300 740 videmus,

158 747 279 811 scriptus
297 750 358 796 est?
386 748 424 795 nt
441 762 531 796 nonne
544 747 629 795 Keilii
643 745 813 795 admirabilis
831 744 980 824 diligentia
1000 751 1028 794 et
1046 746 1190 809 sagacitas
1207 750 1300 795 osten·

158 815 211 875 dit,
236 814 304 864 haut
322 816 421 879 paucis
439 814 521 874 locis,
547 829 617 878 quae
637 813 779 862 Charisius
797 814 969 878 scripsisset,
995 813 1029 861 ab
1053 812 1177 862 librariis
1195 817 1300 878 pertur-

158 883 226 931 bata
245 887 273 931 et
291 883 431 931 conmixta
450 883 530 932 osse?
565 883 613 930 Set
632 882 744 946 gravius
764 884 952 945 argumentum
971 881 999 929 in
1018 881 1138 944 ipsorum
1156 880 1300 930 verborum

158 950 250 999 colors
268 951 386 1015 positum
406 955 456 999 est.
498 951 538 998 Ac
563 948 667 1013 largiar
686 949 794 1013 quidem
819 950 970 1013 Wagnero,
996 953 1105 1003 aeriter,
1131 963 1192 997 cum
1215 950 1243 997 in
1267 965 1299 998 eo

157 1032 262 1069 summa
280 1019 322 1066 vis
341 1018 420 1079 insit,
447 1017 596 1082 aptissumo
620 1017 648 1065 in
672 1017 776 1080 protasi
797 1022 919 1066 extrema
938 1016 1056 1081 positum
1076 1031 1150 1077 esse,
1175 1021 1204 1065 at
1227 1016 1299 1065 inso-

158 1084 259 1134 lentius
279 1100 349 1148 quae
368 1085 403 1133 ab
426 1088 477 1133 scis
499 1084 618 1148 pendere
643 1084 776 1143 deperent
799 1089 877 1133 recta
901 1085 1025 1132 oratione
1050 1084 1141 1148 posita
1166 1098 1225 1133 esse
1245 1098 1299 1132 non

158 1152 283 1215 negabit.
320 1154 491 1217 Quamquam
515 1152 542 1201 id
560 1153 666 1200 iactum
685 1167 761 1213 esse,
785 1167 838 1216 quo
861 1152 999 1216 generalis
1022 1152 1163 1201 sententia
1186 1152 1298 1215 gravius

158 1221 318 1281 auferretur,
339 1227 402 1270 sunt
421 1220 466 1284 qui
485 1220 593 1268 dicant:
614 1219 692 1283 qurasi
710 1218 737 1267 id
757 1219 813 1267 alio
831 1218 909 1268 mado
929 1219 1059 1284 consequi
1078 1218 1226 1268 Sallustius
1245 1234 1298 1268 non

156 1289 302 1351 patuisset.
331 1287 441 1336 Deinde
460 1288 520 1350 quus
539 1301 666 1349 rrrrrqnam
685 1287 827 1351 prosaicus
845 1303 894 1336 aaa
912 1290 1008 1336 tuscis
1026 1287 1155 1351 scripsit?
1189 1286 1231 1335 An
1249 1287 1296 1335 mi-

156 1360 286 1404 nueretur
303 1356 435 1404 orationis
454 1357 505 1416 vis,
525 1356 549 1403 si
568 1360 699 1404 consueta
717 1361 744 1403 tu
756 1356 838 1404 nescis
856 1355 974 1419 scriptor
987 1356 1026 1403 uti
1038 1354 1201 1403 maluisset?
1228 1355 1296 1405 Gra·

156 1423 217 1473 vior
234 1438 333 1472 caussa
353 1438 402 1471 cur
418 1440 468 1471 aaa
492 1426 559 1471 seire
583 1423 702 1483 diceret,
728 1422 826 1471 Plauto
851 1423 904 1471 init
921 1422 1020 1471 Pseud.
1040 1421 1091 1471 aas
1114 1438 1177 1487 quiae
1199 1425 1299 1487 pacisci

155 1491 227 1539 moda
245 1496 302 1547 sets,
321 1493 447 1555 estquod
462 1481 561 1554 praeta’s
580 1507 628 1539 auu
646 1493 697 1540 scis
713 1493 820 1539 soluere.
856 1490 935 1551 Quae
954 1495 1116 1555 argumenta
1134 1491 1158 1539 si
1178 1490 1238 1555 ans
1256 1490 1296 1540 ‹li-

155 1557 252 1620 luerit,
272 1558 471 1608 lubentissume
490 1574 532 1606 rne
551 1559 611 1607 siue
631 1573 730 1608 caussa
749 1558 920 1607 ‹lrrbitavisse
939 1558 1098 1607 concedaru.

240 1691 279 1753 33
305 1693 364 1773 [tr.
381 1699 423 1751 36.
450 1698 479 1750 ti.
497 1692 554 1771 32],
597 1692 755 1772 Postquam
779 1709 915 1768 egressus
936 1694 1093 1771 angustias.

238 1812 317 1861 Arus.
336 1829 362 1877 p.
381 1811 431 1859 227
449 1828 471 1860 s.
490 1827 517 1861 v.
541 1828 660 1875 apressua·
682 1813 748 1859 ittam
771 1826 832 1860 reru.
869 1811 992 1861 Kritzius
1016 1811 1049 1861 dc
1074 1813 1212 1876 angustiis
1231 1814 1297 1863 irati

155 1879 317 1944 Bosporani,
337 1894 386 1943 per
405 1893 473 1943 quas
491 1879 669 1928 Mithridates
688 1893 854 1942 myoparone
873 1879 992 1942 piratico
1012 1879 1127 1943 cctugir,
1149 1879 1294 1930 intellexit.

155 1946 190 1994 At
209 1947 272 2010 quid
290 1947 397 2011 inpedit
420 1963 472 2011 quo
495 1947 584 1996 minus
607 1947 641 1996 dc
661 1946 798 2011 angttstiis
817 1945 937 1995 locorum
958 1946 1126 2010 cogitemus,
1151 1963 1221 2011 quae
1241 1948 1294 1997 Lu-

155 2014 228 2062 cullo
246 2015 274 2062 in
292 2015 409 2063 Pontum
428 2015 543 2063 intranti
561 2014 745 2079 permeandae
765 2013 862 2062 fuere?
898 2014 955 2062 Cir.
974 2014 1092 2078 Appian.
1112 2014 1138 2062 b.
1157 2014 1248 2063 Mithr.
1261 2014 1295 2064 80

155 2098 180 2144 p.
199 2080 261 2130 388:
281 2074 461 2138 Λούκουλλος
480 2075 512 2131 δὲ
531 2075 583 2147 τὴν
601 2074 734 2131 κάθοδον
752 2073 805 2146 τὴν
823 2071 852 2138 ἐς
869 2072 901 2129 τὸ
919 2078 1023 2130 πεδίον
1040 2073 1295 2145 ἱπποκρατούντων

154 2146 209 2197 τῶν
232 2147 376 2214 πολεμίων
400 2140 604 2232 ἐκτρεπόμενος
622 2145 671 2199 καὶ
694 2146 833 2212 περίοδον
856 2138 956 2212 ἑτέραν
979 2138 1031 2214 οὐχ
1050 2139 1135 2212 ὁρτδν,
1161 2136 1276 2212 stipari

154 2216 282 2293 σπηλαίῳ
305 2209 431 2280 κυνηγὸν
460 2207 562 2279 (ipsias
584 2207 720 2292 α’τραποῖν
746 2207 936 2293 inscripsere,
965 2203 987 2279 ᾦ
1010 2208 1151 2280 χρώμενος
1173 2207 1292 2282 ἡγεμόνι

153 2277 226 2333 κατὰ
240 2277 327 2341 odaria
339 2274 466 2350 οἷτριβεῖς
479 2283 639 2350 περιῆλθεν
657 2277 729 2346 νπὲρ
746 2283 874 2349 asculus
892 2281 944 2333 τοῦ
955 2276 1147 2346 Μιθριδάτου
1164 2281 1214 2335 καί
1226 2300 1292 2334 κατ-

153 2342 198 2432 p'st
220 2345 274 2416 pla
298 2343 430 2409 ἐκκλίνας
453 2349 502 2401 καὶ
521 2345 583 2401 τότε
608 2345 639 2402 τό
658 2349 761 2401 πεδίον
780 2343 829 2400 διδ
848 2341 914 2409 τούς
938 2348 1060 2413 ίπποος,
1084 2345 1236 2417 χαράδραν
1259 2345 1291 2403 δὲ

71 2435 75 2443 ’
151 2417 257 2477 -υδατος
277 2410 307 2469 ἐν
326 2417 451 2485 προβολῇ
470 2414 593 2485 θέμενος
612 2411 877 2483 ἐστρατοπέδευσεν.

238 2553 301 2615 *34
327 2555 391 2635 [tir.
408 2563 450 2612 3⁸.
477 2561 506 2612 a.
526 2559 547 2614 u
564 2554 628 2634 96].
678 2555 714 2614 ‚u
740 2553 895 2614 lucullum
920 2556 999 2631 regis
1027 2573 1099 2615 eura
1128 2555 1291 2615 machinata

152 2657 243 2716 furnes
263 2656 345 2717 brevi
364 2656 510 2732 lettigsbat.

236 2775 323 2824 Prisc.
348 2775 414 2824 VIII
438 2792 464 2839 p.
488 2773 550 2823 38⁶2:
574 2773 709 2823 Sallustius
732 2777 756 2823 r'u
780 2774 823 2823 III
846 2774 1021 2824 historiarum:
1045 2779 1074 2823 at
1091 2800 1123 2809 -
1143 2774 1289 2841 fatigabat,

153 2843 311 2891 ‘rurae-lirratus·
335 2847 436 2906 passim
460 2844 536 2892 clia-it.
578 2842 645 2890 Cum
674 2841 818 2891 Lucullum
848 2843 921 2891 fame
944 2857 1068 2908 pressum
1092 2857 1152 2891 esse
1176 2858 1291 2908 usquam

152 2911 316 2965 trusseiamus,
337 2911 390 2958 nisi
412 2926 470 2958 eum
490 2910 564 2972 regis
583 2909 645 2958 tiuis
664 2911 805 2974 ingressus
824 2916 897 2958 esset
916 2910 998 2969 (Plut.
1015 2910 1082 2959 que.
1104 2908 1155 2972 II),
1175 2918 1290 2974 eamque

150 2978 271 3040 inopium
289 2978 476 3026 Mithridatem
497 2984 556 3026 arte
576 2978 684 3025 ausisse
704 2981 812 3026 constet
830 2976 909 3056 (App.
924 2977 950 3026 b.
970 2976 1007 3026 nt.
1026 2976 1057 3025 81
1074 2993 1099 3040 p.
1114 2975 1177 3026 388:
1196 2973 1246 3027 sul
1258 2970 1289 3026 τὸ

150 3037 203 3109 μὲν
223 3035 378 3115 ἐνθύμημα
390 3039 462 3109 μίγα
477 3031 512 3109 ἦν
524 3034 691 3094 α’ποκλεῑσαι
706 3043 821 3109 τροφῶν
833 3045 1024 3107 Λουκοολίον,
1044 3035 1073 3095 ἐκ
1082 3037 1175 3161 privas
1189 3038 1290 3110 ἔχοντα

150 3111 385 3178 Καππαδοκίας),
405 3120 480 3161 recte
493 3113 627 3162 Kritzium
646 3129 694 3177 pro
708 3113 734 3161 II
751 3113 908 3163 conrexissc
921 3112 964 3162 111
983 3119 1064 3177 atquc
1102 3129 1134 3162 oe
1153 3113 1289 3179 fragmen·

150 3184 206 3228 tum
220 3181 255 3229 ab
269 3179 294 3229 11
308 3179 348 3238 51,
364 3196 478 3245 qttactun
491 3181 655 3231 eortiunxerc
668 3179 763 3230 Carrio
776 3186 804 3230 et
818 3180 991 3243 Gerlachius,
1004 3196 1149 3246 separasse
1161 3180 1290 3231 ilertzius

151 3248 300 3297 arbitratus
319 3254 388 3297 est·
1143 3281 1146 3285 -

234 3384 274 3442 35
302 3383 368 3462 [tir.
392 3392 433 3440 tt.
463 3389 492 3440 a.
518 3387 549 3441 lV
575 3382 639 3462 43].
689 3381 811 3443 Castalia
841 3382 987 3442 custodias
1010 3382 1237 3443 themanorum
1261 3385 1289 3442 iu

151 3484 327 3544 ‹lauditiauem
349 3487 525 3561 sumperunt.
1049 3497 1053 3505 '

235 3602 340 3652 (liaris.
359 3619 385 3666 p.
407 3602 466 3651 107:
487 3604 694 3664 Paterfamilias
712 3609 736 3651 et
754 3608 836 3650 mater·
850 3602 961 3663 [uirilitas
974 3601 1070 3665 antiqui
1087 3603 1165 3664 stirpis
1183 3617 1289 3665 usurpa·

149 3677 245 3726 aarumt,
263 3677 405 3733 propterea
424 3673 492 3734 qiuari
508 3674 658 3720 rrrrrur'uattrm
678 3673 814 3733 sirrputam‘s
832 3671 943 3717 litterum
960 3669 1111 3725 adiciebant,
1130 3675 1155 3716 ut
1171 3669 1289 3729 facerem

148 3741 293 3801 periclitatus,
312 3740 374 3787 daea
389 3741 500 3799 l'auu'lia,
520 3740 590 3787 leuius
606 3739 730 3799 farrtllr'as.
749 3738 812 3786 tacu
830 3737 916 3791 litata,
935 3737 1005 3785 ίιαίιοι
1024 3735 1118 3784 Μαῖαν.
1153 3752 1226 3800 quam
1243 3738 1286 3786 de-

148 3809 307 3854 clinationem
331 3813 355 3854 et
374 3809 508 3855 Sallustius
530 3809 556 3854 iu
575 3806 615 3853 lli
638 3812 737 3854 secutus
760 3808 796 3853 att
819 3803 937 3853 castella
955 3830 987 3837 —
1006 3803 1207 3868 acciperentur.
1241 3806 1289 3853 sed

149 3876 304 3922 siriaudatius
323 3875 479 3922 ‘eustadius'
500 3873 615 3922 ‘llatae'
634 3880 659 3922 et
678 3871 815 3930 ‘factitiae’
835 3872 946 3921 dieiruus.
980 3872 1048 3935 quad
1064 3886 1095 3919 ue
1112 3871 1289 3920 celebraretur

149 3944 257 3989 stu-euna
275 3943 369 4004 etfacit.
401 3942 476 3990 Serv.
492 3941 526 3990 ad
539 3941 620 4005 i'erg.
640 3941 671 3988 Α.
690 3941 728 3989 xl
746 3939 809 3988 801:
831 3939 895 3988 Nam
913 3955 959 3988 aea
977 3939 1055 3987 ‘trtius
1072 3942 1157 3987 auras*
1175 3940 1287 3996 ιίίοὑκιιτ,

149 4025 195 4057 rrae
214 4010 296 4056 ‘tritius
314 4008 457 4058 crustadias'
477 4011 609 4058 seecundum
628 4009 771 4057 Sallustium
789 4007 830 4056 ab.
849 4007 906 4056 IIII
924 4006 1097 4063 distortarum,
1121 4008 1165 4071 qui
1181 4011 1218 4056 aa
1242 4022 1286 4057 ca·

149 4075 232 4125 stella
251 4076 391 4124 custodias
410 4077 598 4125 thesaurorum
614 4093 665 4138 pra
684 4076 855 4125 ‘custodiae':
866 4077 914 4136 ,ita
936 4079 1000 4123 enim
1018 4077 1092 4122 etiata
1110 4075 1199 4137 Asper·
1215 4075 1288 4125 iutel-

149 4147 215 4205 tt'pit,
239 4148 297 4193 liert
321 4147 366 4191 alii
388 4146 542 4193 ‘erustadt'as'
567 4147 732 4192 accusativum
754 4146 838 4192 uelint.
877 4142 964 4191 Recte
983 4141 1010 4190 h.
1028 4140 1047 4189 I.
1068 4141 1187 4191 redituras
1206 4156 1285 4192 cave·

150 4217 224 4271 runt,
249 4228 283 4259 ne
309 4228 368 4260 cum
392 4213 496 4275 Aspero
521 4210 696 4259 insolentiam
720 4210 939 4258 asidaeissumam
957 4208 1087 4258 Sallustio
1106 4208 1286 4273 adtingerent,

150 4287 300 4342 praeeunte.
320 4279 487 4328 Selrneirlero
507 4296 546 4344 pr.
566 4278 615 4326 lat.
635 4277 687 4326 111
707 4294 732 4341 p.
747 4276 788 4325 ¹21.
822 4278 955 4327 matuatus
972 4277 1119 4342 genetivus
1137 4292 1191 4325 non
1210 4277 1287 4327 niodo

150 4346 290 4395 obsoletus
310 4354 393 4403 essct.
415 4353 456 4394 set
470 4364 503 4395 ne
517 4346 632 4395 Istiunm
646 4345 754 4408 quidem
767 4345 894 4408 loquendi
909 4359 1008 4409 genus,
1027 4344 1125 4409 qnippe
1140 4345 1186 4409 qui
1199 4349 1287 4395 custo·

149 4413 203 4463 diis
214 4414 389 4464 castellorum
404 4416 492 4465 tenori
507 4415 670 4466 thensauros
683 4413 818 4463 dixissent
829 4413 930 4479 potius.
952 4413 1040 4464 Recte
1050 4417 1142 4463 autem
1152 4412 1289 4463 Kritsium
