2768 5010
353 454 360 465 ι
447 393 751 437 eouunaracrorruu
771 393 842 434 cnr.
867 392 914 434 111.
1224 371 1265 434 33

138 548 289 605 emendando
310 548 467 606 bernwardi
491 567 514 605 a.
540 557 606 611 1855
629 549 701 606 edita
723 548 904 610 confirmavit,
932 566 992 604 cunr
1024 566 1074 622 qua
1100 549 1205 605 ratione
1227 550 1266 605 la-

127 648 204 706 ctum
227 660 296 709 esset
321 661 349 708 ut
375 652 484 709 lucidum
514 651 579 708 illud
605 652 698 708 vitium
721 651 807 707 libros
838 669 932 708 omues
959 652 1113 726 inquinaret
1136 651 1263 709 ostendit.

118 745 232 809 &osuit
255 755 324 811 enirn
346 753 488 829 archetypi
512 753 577 810 lolia
595 755 639 809 ita·
655 754 756 828 scripta
774 752 873 810 luisse:

188 898 232 940 l'ol.
248 899 255 939 l
287 929 292 940 .
307 903 325 940 l.

172 913 302 1031 aumerle
323 977 364 1032 uti
379 975 409 1044 (l.
432 975 529 1032 Curius
549 975 583 1029 de
608 990 662 1046 quo
681 950 765 1048 paulo
784 966 791 1054 Ι
810 983 872 1029 aute
896 975 1040 1051 memoravi
1060 974 1173 1032 consilia
1195 976 1265 1032 Cati·

173 1073 248 1132 liuae
269 1077 321 1133 sibi
347 1072 353 1158 Ι
377 1077 520 1152 proderet:
549 1077 580 1132 ad
611 1077 662 1131 boc
690 1075 823 1149 collegam
851 1095 930 1134 suum
956 1069 1110 1154 tripolion
1139 1079 1264 1151 pactione

170 1179 331 1251 prisciaciac
353 1178 528 1256 perpuleJrab
552 1196 586 1233 ne
604 1187 701 1233 contra
724 1177 915 1252 rempublicam
938 1179 1067 1233 sentiret:
1092 1178 1095 1255 Ι
1118 1181 1219 1236 circum
1235 1199 1265 1236 se

170 1279 310 1352 praesidia
333 1282 479 1336 amicorum
500 1289 582 1353 atque
605 1273 609 1355 Ι
630 1279 768 1335 clientium
795 1278 900 1335 occulte
927 1279 1050 1335 babebat.
1088 1281 1236 1355 Postquam
1259 1278 1264 1362 Ι

170 1382 234 1438 dies
254 1382 430 1438 comitiorum
454 1383 525 1437 veuit
549 1390 576 1437 et
599 1380 730 1436 Catilinae
754 1373 759 1459 Ι
783 1398 871 1455 neque
897 1381 995 1455 petitio
1022 1399 1111 1454 neque
1143 1383 1264 1445 insidiae.

173 1501 242 1556 quas
263 1479 398 1561 f-consuli
419 1485 535 1545 lecerat,
559 1499 691 1558 prospere
712 1499 835 1544 cessere,
858 1475 862 1560 Ι
884 1483 1027 1538 constituit
1054 1483 1153 1540 bellum
1176 1486 1264 1541 lacere

175 1595 206 1638 ct
227 1594 348 1641 extrema
372 1577 377 1662 Ι
398 1587 487 1642 omnia
518 1586 650 1660 experiri:
679 1583 821 1658 quoniam,
852 1602 922 1657 «puae
950 1583 1055 1641 occulte
1079 1578 1084 1663 Ι
1104 1595 1263 1650 tentaverat,

671 1679 728 1731 pt.

183 1770 271 1828 aspera
293 1754 428 1828 foedaque
450 1762 603 1809 creuerant.
629 1749 642 1832 ΙΙ
666 1753 753 1826 igitur
769 1752 861 1808 Caium
876 1753 1000 1809 llanlium
1017 1754 1143 1813 Faesulas
1159 1766 1240 1833 atquc
1258 1753 1262 1838 Ι

189 1856 207 1911 in
227 1876 284 1912 eam
308 1864 414 1930 partem
436 1854 566 1917 Etruriae,
587 1855 746 1930 Septimium
769 1847 774 1934 Ι
799 1855 932 1928 quendam
948 1856 1097 1913 llarnertem
1119 1860 1146 1914 iu
1168 1878 1263 1933 agrum

189 1957 312 2020 Picenum,
337 1952 342 2035 Ι
364 1956 456 2013 Caium
480 1956 575 2013 lulium
599 1958 625 2013 in
646 1957 769 2031 Apuliam
786 1957 902 2019 dimisit:
927 1956 930 2034 Ι
952 1968 1092 2032 praeterea
1113 1961 1194 2017 alium
1210 1963 1263 2020 alio

191 2078 257 2132 ouem
273 2061 377 2133 ubique
400 2053 575 2133 ofportununi
591 2060 642 2114 sibi
659 2060 719 2115 lore
734 2058 869 2114 credebat.
908 2058 1013 2117 interea
1035 2058 1038 2139 Ι
1062 2062 1162 2118 donnae
1179 2063 1263 2119 multa

191 2161 256 2218 simul
280 2160 387 2223 moliri,
408 2161 515 2217 consuli
540 2160 659 2239 injsidias
683 2160 801 2221 tendere.
831 2178 927 2233 parare
957 2161 1088 2223 incendia,
1113 2157 1262 2243 oporltuua

191 2261 236 2319 loca
256 2264 369 2319 armatis
397 2261 552 2318 bominibus
571 2262 710 2323 obsidam
735 2254 739 2341 Ι
763 2263 821 2338 ipse
840 2279 901 2318 cum
925 2262 980 2318 telo
1003 2282 1077 2326 esse.
1109 2265 1172 2320 item
1194 2265 1263 2322 alios

192 2364 285 2427 inliere,
312 2362 316 2441 Ι
340 2364 447 2420 hortari
468 2365 508 2419 uti
532 2381 640 2438 semper
661 2365 758 2419 intenti
781 2364 923 2437 paratique
943 2358 1058 2444 ospont:
1079 2366 1137 2420 dies
1155 2377 1264 2424 noctes·

190 2482 232 2537 quc
251 2468 395 2528 festinare,
418 2465 544 2539 vigilare,
569 2459 574 2544 Ι
597 2482 684 2539 neque
715 2465 857 2521 insomniis
878 2482 966 2540 neque
989 2465 1082 2523 labore
1109 2468 1227 2543 fatigari.
1248 2464 1262 2549 ΙΙ
1294 2461 1296 2466 ’

192 2568 227 2609 l'ol.
241 2568 258 2609 ll
272 2584 294 2623 p.
309 2572 329 2610 l.

194 2641 284 2701 Interea
305 2643 421 2700 llardms
440 2644 467 2699 in
489 2643 597 2702 Etruria
615 2644 722 2719 plebem
742 2637 907 2722 solllicitare.
928 2654 1051 2718 egestate
1073 2649 1154 2705 simul
1169 2669 1201 2707 ac
1214 2652 1264 2707 ilo·

193 2742 238 2800 lore
259 2744 380 2824 iniuriae
404 2764 534 2802 novarum
557 2764 648 2802 rerum
670 2746 807 2820 cupidam,
837 2747 909 2820 quod
933 2740 937 2823 Ι
960 2747 1050 2803 Sullae
1078 2751 1263 2809 ‹ltiniinatione

196 2862 262 2917 agros
284 2848 409 2921 bonaque
434 2844 437 2922 Ι
460 2849 549 2903 «tritula
576 2849 718 2910 amiserat;
742 2856 882 2921 praeterea
901 2847 1021 2904 latrones
1044 2845 1199 2930 lenitasque
1217 2873 1263 2925 pe·

199 2950 268 3009 ueris,
294 2968 418 3023 quorum.
443 2950 469 3005 in
494 2968 524 3004 ea
552 2943 673 3027 refigione
702 2967 798 3021 magna
824 2951 901 3023 copia
930 2959 1003 3012 erat:
1030 2955 1178 3011 nonnullos
1204 2951 1207 3035 Ι
1232 2974 1262 3011 ex

200 3048 296 3106 mitanis
318 3050 440 3112 colonis,
465 3051 562 3125 quibus
591 3050 683 3107 lubido
707 3045 711 3128 Ι
735 3058 816 3123 atque
842 3051 947 3108 luxuria
976 3072 1006 3108 er
1035 3058 1139 3126 magnis
1163 3059 1264 3131 rapinis

203 3143 259 3223 ιιίΙΙιίΙ
284 3153 382 3227 reliqui
418 3152 545 3207 irruerant.
595 3151 629 3207 Ea
657 3169 718 3207 curn
745 3153 866 3208 Ciceroni
891 3148 894 3229 Ι
919 3155 1124 3220 nuntiarentur,
1151 3160 1263 3233 ancipiti

206 3251 258 3307 udo
275 3263 415 3328 permotus
439 3246 444 3330 Ι
467 3255 539 3326 tpuod
567 3271 655 3328 neque
684 3253 777 3309 urbem
805 3253 839 3309 ab
862 3255 966 3311 insidiis
990 3258 1094 3331 privato
1119 3254 1123 3338 Ι
1147 3260 1263 3316 consilio
1300 3241 1303 3250 ¹

284 3360 287 3364 ’
694 3349 748 3400 pl.

209 3412 291 3491 lougius
314 3432 385 3481 tuem
403 3430 521 3498 poterat,
541 3440 630 3496 neque
654 3416 666 3500 ΙΙ
695 3425 830 3480 exercitus
856 3423 946 3480 llaulii
975 3435 1093 3498 (plautus
1131 3437 1176 3483 aut
1209 3446 1264 3501 qim

209 3519 303 3593 consilio
327 3527 398 3581 loret
420 3526 486 3580 satis
511 3533 680 3598 compertum
703 3525 833 3586 babebat,
858 3518 862 3601 Ι
886 3544 942 3582 reni
971 3528 1003 3582 ad
1032 3537 1155 3584 senatum
1180 3531 1264 3584 relcrt

210 3614 244 3675 bn
262 3636 332 3683 antea
363 3626 437 3700 vulgi
462 3644 465 3704 ζ
490 3626 645 3682 runroribus
675 3628 813 3700 agitatam.
858 3627 964 3703 ltaque,
992 3630 1064 3703 quod
1094 3624 1264 3707 plelrumquc

211 3718 309 3784 matari
326 3730 439 3802 negotio
458 3728 536 3789 solet,
560 3722 678 3807 senaltus
701 3728 836 3786 decrevit:
858 3730 954 3786 clarent
978 3749 1088 3805 operam
1108 3731 1234 3786 consules
1258 3723 1263 3808 Ι

210 3837 233 3877 m
249 3830 302 3902 quid
322 3828 476 3904 respublica
498 3829 654 3885 detrimenti
682 3839 800 3904 caperet.
832 3826 835 3906 Ι
865 3806 900 3886 lla
920 3840 1043 3906 potestas
1069 3850 1118 3906 pcr
1141 3841 1265 3888 senatum

209 3930 350 4000 magistratui
371 3930 376 4008 Ι
396 3933 507 3987 maxima
531 3932 707 4005 permittitur.
730 3934 877 3989 exercitum
900 3927 1013 4012 pajrarc
1037 3932 1138 3988 bellum
1159 3951 1264 4005 gerere,

205 4044 305 4089 uetuere
324 4024 459 4110 omnilbus
481 4033 568 4088 modis
591 4033 681 4090 socios
703 4043 785 4109 atque
805 4036 885 4097 cives,
908 4036 980 4091 domi
1002 4028 1006 4111 Ι
1028 4034 1195 4108 militiaeque
1218 4036 1266 4090 im·

1112 4128 1159 4168 rot.
1168 4128 1196 4168 m
1212 4143 1233 4182 p.
1246 4130 1265 4169 t.

206 4201 290 4269 perium
310 4214 393 4278 atque
416 4201 552 4281 iudiciJum
576 4222 709 4261 summum
732 4205 846 4265 baberc:
873 4202 952 4259 aliter
975 4205 1033 4259 siue
1055 4196 1166 4281 pollpuli
1191 4203 1266 4258 iussu

203 4301 283 4359 nullius
309 4324 402 4363 earum
429 4322 519 4361 rerum
548 4301 663 4383 confsuli
687 4308 728 4362 ius
751 4316 801 4361 est.
847 4306 912 4362 Post
932 4325 1033 4381 paucos
1057 4305 1115 4360 dies
1138 4304 1236 4361 Lucius
1260 4299 1264 4381 Ι

201 4400 295 4464 &enim
318 4417 431 4466 senator
454 4408 482 4463 in
512 4416 609 4465 senatu
633 4408 727 4464 literas
756 4402 900 4487 releuauit,
926 4426 993 4483 quas
1022 4405 1142 4462 Faesulis
1171 4406 1267 4463 allatas

184 4520 187 4525 ’
230 4522 358 4577 Sanora.
377 4540 423 4577 nn.
441 4525 581 4576 Duroca.
1039 4506 1058 4566 3
