2768 5010
162 356 221 425 toa
503 382 806 432 conuuuaxurouuaa
833 363 904 432 cie.
925 387 956 436 v.

159 546 256 598 tentor
276 558 336 599 cum
357 540 488 616 gravitas,
518 559 586 618 quae
609 542 646 600 ita
670 543 822 602 sententiae
843 543 964 609 additur,
995 544 1123 609 ostendit,
1146 553 1204 603 tum
1230 546 1304 622 quod

159 644 279 703 Vaticani
298 645 362 702 fides
385 663 434 720 per
456 647 605 722 marginem
623 647 682 703 coil.
704 647 724 703 P
745 647 904 705 confirmata
925 656 975 705 est.
1019 648 1108 722 Atque
1128 649 1304 706 1111111111

159 747 187 806 iu
205 748 384 834 sequentilrus
407 751 527 806 utemini
548 748 667 806 scribere
686 767 719 807 eo
741 751 832 806 minus
852 750 982 814 dubitari,
1004 768 1066 807 cum
1081 769 1179 808 rursus
1194 751 1303 812 111111

159 851 305 926 conplures
328 851 434 927 optumi
455 851 517 907 libri
539 853 735 916 consentirent,
759 862 786 910 et
808 853 998 911 verisimilius
1019 852 1158 910 1111111111
1178 854 1303 911 laturum

159 953 186 1010 iu
208 954 397 1028 imperativum,
419 954 520 1030 quippe
542 955 588 1028 qui
610 971 660 1028 pro
681 955 838 1013 eontlitiouc
859 955 967 1030 positus
991 956 1077 1029 magis
1100 956 1127 1011 in
1150 973 1202 1013 usu
1219 963 1302 1018 esset,

158 1065 291 1114 mutatum
316 1074 395 1131 quam
414 1074 446 1113 cx
468 1058 520 1116 hoc
540 1056 607 1114 illuil
630 1057 730 1116 lactum
752 1074 821 1114 csse.
858 1058 894 1114 tte
917 1058 1003 1115 torma
1019 1056 1132 1113 membri
1149 1057 1199 1115 cir.
1216 1056 1301 1114 lladv.

158 1175 200 1232 gr.
223 1158 269 1214 lat.
294 1161 321 1230 §-
341 1166 394 1220 318
416 1176 458 1215 11.
483 1169 506 1220 5.
552 1159 645 1216 Simile
665 1160 729 1217 huic
751 1158 812 1218 loeo
834 1167 876 1216 est
899 1159 952 1217 Cic.
975 1161 1020 1216 Ac.
1042 1159 1126 1221 1136:
1149 1174 1202 1232 ape
1217 1161 1303 1216 resti·

158 1268 219 1318 tero
236 1262 447 1333 Permaneticis,
466 1264 631 1318 sustinuero
649 1262 825 1334 Epicureos:
847 1263 968 1320 Diodoto
985 1264 1055 1334 qnid
1066 1260 1177 1334 faciam
1194 1260 1300 1330 Stoica,

158 1370 200 1420 set
219 1364 344 1421 futurum
365 1363 479 1438 simplex
493 1364 648 1439 ponendum
670 1365 731 1428 luit,
754 1363 882 1440 quoniam
897 1365 931 1422 xlc
946 1382 976 1422 re
991 1363 1174 1422 continuantia
1188 1363 1301 1421 (licitur.

242 1481 328 1539 Etiam
349 1489 476 1557 optumos
498 1483 583 1541 libros
607 1484 788 1541 emendationi
812 1484 902 1541 locum
922 1484 1079 1558 relinquere
1094 1499 1156 1540 cum
1177 1482 1223 1539 alii
1246 1482 1300 1539 loci

157 1584 313 1649 ostendunt,
337 1592 393 1641 tum
411 1583 467 1641 Cat.
486 1592 529 1650 23,
548 1593 573 1649 t.
596 1585 642 1643 ubi
662 1603 790 1661 pervorse
811 1586 962 1644 insolentia
978 1586 1048 1644 Curi
1064 1600 1170 1644 caussa
1184 1587 1302 1659 connita

157 1686 185 1744 ia
208 1686 349 1763 plerisque
370 1688 571 1762 scriptumest.
594 1688 598 1697 '

242 1807 307 1864 Cum
325 1813 487 1864 conventum
509 1807 723 1871 coniuratorum,
745 1808 778 1864 de
802 1823 856 1882 quo
878 1806 940 1865 Sall.
963 1807 1020 1864 Cat.
1042 1811 1085 1870 11,
1108 1813 1247 1870 1111111,
1273 1807 1300 1862 in

156 1908 392 1967 1111111111111
421 1908 521 1966 Lneeac
548 1909 647 1967 lactum
677 1927 737 1967 esse
765 1927 798 1967 ex
823 1908 875 1966 Cic.
904 1910 932 1965 in
954 1909 1010 1966 Cat.
1034 1909 1092 1972 ll,
1111 1914 1137 1969 a.
1166 1927 1206 1983 pr.
1231 1908 1298 1966 Sull.

156 2017 268 2076 11141.
295 2012 367 2068 Cass.
389 2011 472 2068 llione
494 2011 511 2067 l.
534 2029 617 2088 supra
642 2031 669 2087 p.
700 2019 734 2072 40
761 2011 870 2069 conlata
899 2018 1022 2074 constet.
1050 2011 1148 2067 miruru
1173 2011 1299 2085 prolecto

156 2122 206 2176 est.
230 2115 304 2188 quael
325 2115 396 2189 apud
419 2112 495 2171 illum
524 2113 657 2188 scriptum
684 2121 727 2171 est
754 2115 961 2171 coniurationis
985 2114 1137 2185 principes
1161 2119 1299 2170 conuocat

151 2232 210 2288 per
229 2215 269 2272 M.
291 2217 427 2274 Porcium
448 2217 586 2284 Laecam,
612 2222 643 2273 ut
661 2223 709 2273 aut
729 2217 857 2274 nescierit
878 2232 932 2292 quo
952 2214 1066 2272 Catilina
1086 2215 1176 2271 socios
1198 2232 1299 2272 convo·

155 2326 251 2381 cesset,
275 2326 322 2375 aut
344 2317 494 2376 lectoribus
512 2318 675 2395 permiserit,
696 2325 727 2375 ut
745 2336 776 2374 ex
792 2333 848 2390 per
863 2316 902 2373 M.
918 2319 1055 2375 Porcium
1074 2317 1197 2373 Laecam
1219 2323 1298 2374 acute

155 2419 348 2494 intellegerent
380 2421 408 2476 iu
441 2421 552 2478 domum
578 2420 638 2477 eius
665 2426 829 2477 convocatos
856 2437 929 2482 esse,
961 2436 1078 2495 quorum
1105 2426 1234 2493 neutrum
1263 2435 1297 2476 eo

155 2522 267 2597 (liguum
290 2531 340 2579 est.
385 2523 483 2598 Recepi
505 2540 572 2597 ergo
592 2539 653 2580 curn
674 2521 792 2579 Linlxero
808 2520 935 2579 Palmerii
955 2521 1140 2580 coniecturam
1158 2535 1250 2593 penes
1265 2513 1298 2595 ¹),

156 2640 245 2700 neque
267 2625 415 2682 deterritus
433 2642 493 2682 sum
516 2643 558 2688 eo,
584 2624 657 2699 quod
676 2639 768 2697 penes
796 2624 862 2680 alias
883 2640 991 2699 semper
1012 2622 1147 2697 siguificat
1169 2622 1196 2678 in
1218 2622 1297 2679 cuius

155 2727 236 2783 domo
264 2726 305 2782 rel
335 2734 472 2801 potestate
498 2727 601 2801 aliquid
628 2727 679 2791 sit,
707 2742 768 2784 cum
796 2727 877 2798 apud
902 2723 1028 2782 similiter
1055 2742 1106 2800 pro
1135 2725 1173 2781 nal
1194 2723 1297 2780 (lictum

156 2845 216 2887 csse
239 2829 272 2885 ab
291 2827 396 2885 Lucilio
416 2828 520 2885 Nonius
543 2836 660 2885 testetur
681 2847 708 2904 p.
728 2834 779 2891 357
802 2828 844 2885 ed.
865 2826 946 2884 111111.

240 2948 295 3004 Cat.
326 2953 373 3010 18,
400 2953 418 3007 4
443 2964 474 3004 ex
503 2947 623 3023 optumis
650 2947 728 3004 libris
754 2947 928 3005 scribundum
957 2944 1116 3003 existumavi
1143 2945 1296 3001 nonnullos

154 3066 194 3108 11
215 3049 341 3107 Sullanis
360 3051 485 3108 coloniis.
529 3050 579 3107 Ubi
603 3052 735 3108 nonnulli
754 3068 816 3107 cum
837 3065 876 3107 ex
903 3048 1031 3124 partitiva
1052 3046 1226 3103 coniunctum
1250 3047 1295 3109 sit,

155 3152 259 3209 uulluru
279 3152 361 3210 alium
379 3153 469 3210 locum
486 3153 557 3216 novi.
576 3161 604 3209 ct
616 3170 678 3210 cum
691 3151 757 3208 illud
771 3151 931 3210 adieetirum
948 3166 1003 3206 nou
1020 3156 1073 3206 tam
1086 3156 1198 3224 partem,
1216 3166 1296 3222 qriam
1354 3210 1360 3221 ,

155 3253 355 3312 multitudinem
376 3256 518 3329 quamdam
539 3250 686 3329 significet,
709 3254 799 3310 miuus
821 3260 894 3311 recte
918 3270 976 3310 eam
997 3250 1229 3327 praepositionem
1248 3250 1295 3305 111-

155 3357 254 3422 sciseit.
282 3357 333 3414 nisi
354 3358 387 3414 do
409 3359 579 3433 exemptione
601 3364 629 3415 ct
654 3356 762 3415 delectu
780 3355 894 3413 11111111.
936 3355 1001 3412 Cutn
1029 3337 1154 3427 genetivo
1181 3352 1296 3409 coniun-

154 3468 227 3518 ctum
251 3467 294 3517 est
320 3479 363 3535 ap.
392 3459 504 3518 Sueten.
532 3460 606 3516 Caes.
630 3466 671 3520 20.
700 3462 770 3532 Aug.
791 3465 832 3519 59.
868 3457 1015 3514 Sallustius
1043 3454 1109 3527 alias
1140 3463 1171 3511 ut
1200 3470 1294 3511 omues

155 3562 335 3637 elegantiores
358 3563 507 3638 scriptores
529 3579 590 3620 cum
613 3561 778 3618 nominativo
799 3559 955 3623 coniunxit;
984 3558 1034 3615 cfr.
1057 3557 1112 3612 Cat.
1135 3563 1182 3620 19,
1203 3563 1227 3616 4.
1251 3562 1294 3617 58.

157 3673 196 3726 13.
241 3666 288 3722 Set
307 3672 380 3722 recte
399 3666 500 3723 dicitur
527 3679 567 3721 ex
588 3664 720 3731 coloniis,
744 3671 776 3721 11
798 3668 846 3724 17,
868 3668 898 3721 t:
927 3663 967 3718 nal
986 3660 1040 3718 liae
1061 3659 1142 3715 inulti
1162 3673 1202 3715 ee
1222 3659 1296 3714 colo·

154 3768 209 3824 niis
230 3775 258 3825 et
279 3770 449 3839 municipiis,
469 3770 545 3824 domi
565 3767 681 3823 nobiles.

238 3869 343 3927 Nollem
371 3869 426 3926 Cat.
457 3876 504 3932 19,
534 3867 705 3928 1111111111
736 3866 856 3924 omnium
883 3865 1046 3940 scripturam
1072 3861 1137 3921 olim
1161 3861 1295 3920 delendis·

154 3988 211 4028 seru
239 3974 425 4045 eaapitntam.
475 3971 556 4028 llecte
587 3970 638 4028 iam
663 3969 771 4028 Curtius
798 3968 986 4026 emendaverat
1007 3966 1195 4039 exanilatnm.
1236 3962 1293 4020 Vid.

154 4072 266 4148 Selling.
289 4094 315 4150 p.
338 4081 379 4136 19.

237 4174 350 4234 llultum
384 4174 554 4250 disputatum
582 4182 626 4232 est
654 4173 688 4231 111
719 4171 780 4231 loco
809 4173 864 4229 Cat.
891 4179 939 4235 31,
969 4178 1000 4235 5,
1027 4169 1074 4227 ubi
1106 4167 1226 4225 llritzius
1258 4167 1295 4223 ita

202 4357 231 4422 1)
252 4374 302 4423 per
325 4374 374 4424 pra
392 4374 473 4424 penes
499 4359 528 4407 in
550 4355 689 4409 nonnullis
710 4355 790 4408 libris
813 4356 946 4422 seriptum
970 4357 1013 4405 eat
1034 4352 1083 4404 lib.
1109 4350 1145 4403 ad
1170 4351 1293 4401 Harena.

154 4443 193 4500 IV
211 4443 235 4507 5,
255 4443 270 4492 7
288 4460 314 4512 p.
336 4442 394 4508 129,
413 4441 446 4495 1³
464 4442 507 4497 ed.
525 4443 610 4511 Kana.
