2768 5010
473 402 911 459 mmmmmamnwt
1216 386 1255 455 Μ

116 564 209 612 eccidit
229 556 291 628 [hae
309 563 447 629 scriptura
466 571 579 631 recepta
599 566 726 630 adparet,
747 566 774 613 in
794 579 865 614 anno
884 563 1032 614 ethonore
1051 563 1128 612 dueia
1147 561 1258 612 Florum

116 647 172 680 non
191 629 320 695 errassel.
358 632 417 681 Lir.
437 633 488 696 Ep.
509 633 608 683 xcvl:
631 635 673 682 t'n.
694 634 816 683 Lentulus
833 637 999 684 conscelerate
1016 630 1258 694 ouoeruaspaua

116 715 170 747 eum
187 701 316 763 puprraoit.
352 699 430 749 Oros.
451 701 474 748 V
492 702 538 749 td:
565 702 683 750 Couaedea
703 703 796 751 Gellius
818 707 843 749 et
863 702 983 750 Lentulus
1004 701 1126 748 aduersus
1143 713 1187 748 eoa
1204 714 1258 748 errra

117 769 235 816 exercitu
251 771 333 828 misai,
358 784 461 833 quorum
481 771 574 818 Gellius
594 769 697 819 Oer'aum
720 772 843 819 acerrime
858 775 1011 832 preparatur
1034 769 1133 830 proelio
1151 782 1261 830 opprea·.

116 836 159 888 ait.
178 835 300 884 Lentulua
318 853 335 883 a
347 838 475 900 Spartaco
487 844 622 900 eriperetur
635 838 740 901 urrsupit.
773 838 835 887 Poet
847 863 879 871 -
891 835 962 885 umbo
980 839 1094 884 consideo
1106 861 1138 868 -
1152 839 1259 897 occepta

116 905 192 966 praei
211 905 284 952 elude
304 904 435 967 superant.
471 905 585 969 Eutrep.
611 906 647 953 vl
666 906 694 953 7:
719 905 814 955 dirodua
835 907 907 953 amrrd
929 905 1096 953 Romanorum
1116 901 1258 950 eouerelidua

117 972 197 1019 cletis.
233 972 302 1034 App.
323 971 349 1018 b.
369 987 392 1020 c.
412 972 426 1020 Ι
447 971 492 1020 117
512 990 536 1037 p.
556 971 619 1022 532:
640 965 815 1035 Σπάρτακον
828 966 859 1021 δὲ
873 964 922 1021 διά
940 968 996 1023 τῶν
1006 961 1173 1019 Ἀπεννίνων
1185 958 1260 1032 ὀροῖν

119 1029 167 1087 ἐπὶ
184 1029 219 1087 τά
233 1027 345 1088 Ἄλπεια
364 1035 413 1088 καὶ
433 1031 461 1097 ἐς
480 1033 603 1097 Κελτούς
622 1030 680 1089 α’πό
697 1039 753 1089 τών
769 1030 899 1089 Ἀλπείων
924 1030 1109 1103 ἐπειγόμενον
1132 1026 1208 1086 ὁὲτε
1228 1051 1259 1089 σο

117 1094 227 1181 ὕπατος
248 1099 400 1183 προλαβών
424 1098 528 1157 incitor
550 1106 600 1173 τῆς
625 1106 719 1172 φυγῆς
737 1104 786 1157 καὶ
805 1098 820 1157 ὁ
839 1102 934 1169 ἕτερος
957 1097 1086 1156 ἐδίωκεν.
1116 1092 1131 1154 3
1154 1097 1186 1182 di
1206 1052 1227 1154 ά
1248 1093 1256 1114 ’

119 1163 255 1236 ἕκατερον
273 1163 368 1223 αάτων
385 1173 644 1240 περιστρεφόμενος
655 1168 733 1238 παρά
752 1169 837 1240 μέρος
850 1167 940 1225 ἐνίκα.
955 1170 1004 1223 καὶ
1022 1167 1051 1223 οἳ
1069 1165 1122 1236 μὲν
1139 1186 1192 1222 συν
1204 1171 1257 1222 do·
1341 1174 1352 1189 ‘

119 1233 196 1304 ράβῳ
213 1233 245 1290 τὸ
269 1231 437 1317 άπὸῑτούδε
461 1232 643 1306 άπεχάροον,
667 1234 682 1292 ὁ
702 1236 734 1292 δὲ
753 1238 924 1306 Σπάρτακος
943 1269 974 1279 -
993 1269 1021 1275 -
1043 1236 1093 1289 nal
1111 1237 1167 1289 τάν
1184 1228 1257 1317 {aoi-

117 1324 174 1357 των
197 1297 285 1358 ariade
308 1309 397 1367 ανθις
419 1306 484 1373 περὶ
507 1304 560 1375 τὴν
585 1309 761 1375 Πικηνίτιδα
784 1309 839 1376 γῆν
861 1301 1046 1361 ὑποστάντων
1069 1301 1157 1372 μέγας
1180 1299 1258 1371 aprio

118 1369 213 1439 ἕτερος
231 1364 282 1426 ὅδε
300 1375 331 1440 pt
348 1391 426 1427 νεται
439 1374 490 1428 καὶ
507 1370 615 1443 μεγάλη
629 1374 678 1428 καὶ
691 1371 753 1428 τότε
766 1366 999 1444 ἧσσάΨοομαίων.
1035 1376 1106 1425 Plnt.
1121 1374 1213 1425 Graec.
1226 1373 1257 1425 9:

80 1460 85 1470 ·
116 1433 298 1507 άμφοτὲρονς
311 1391 469 1509 ἐξέπεμπον
480 1438 546 1504 τοὺς
563 1437 698 1504 ὑπάτους.
718 1432 772 1496 Ὧν
791 1441 905 1503 Γέλλιος
923 1439 976 1510 μὲν
988 1437 1019 1495 τὸ
1033 1435 1213 1507 Γερμανικὸν
1223 1467 1257 1477 -

117 1505 287 1574 διέφθειρε,
309 1506 435 1562 Λέντλου
459 1507 492 1563 δὲ
509 1507 559 1564 τὸν
578 1506 753 1576 Σπάρτακον
771 1506 904 1579 μεγάλοις
922 1506 1124 1576 στρατοπέδοις
1142 1510 1257 1574 περιλα-

116 1569 218 1644 βόντος
236 1570 363 1644 ὁρμήσας
382 1571 466 1644 ὁμόσε
490 1578 540 1631 καὶ
563 1573 659 1646 μάχην
677 1573 810 1641 συνάψας
829 1573 965 1646 ἐκράτησε
983 1574 1036 1644 μὲν
1054 1576 1256 1643 τῶνπρεσβεο-

116 1643 183 1707 τῶν,
203 1639 285 1713 ἔλαβε
298 1639 330 1696 δὲ
342 1639 396 1711 τήν
407 1639 571 1714 άποσκευὴν
582 1636 709 1699 άπασαν.
750 1650 792 1698 En
810 1650 908 1713 quibua
927 1649 1042 1713 adparet
1063 1647 1151 1712 primo
1169 1662 1186 1696 a
1205 1646 1256 1696 Gn.
1313 1680 1316 1686 -

117 1712 235 1763 Lentulo
248 1717 420 1778 Spartacum,
440 1718 640 1781 septentriones
659 1732 767 1767 vorsum
785 1722 879 1766 secuto
898 1718 929 1766 L.
951 1714 1041 1764 (tellio
1055 1718 1256 1779 properantem,

117 1787 260 1845 exceptum
280 1788 308 1831 et
325 1799 414 1846 paene
434 1784 640 1834 circumclusum
665 1800 740 1845 esse,
764 1790 808 1834 aet
830 1785 857 1834 ri
882 1800 931 1848 per
954 1785 1013 1831 eiua
1037 1783 1186 1831 exercitum
1205 1781 1258 1831 iter

116 1848 171 1897 sibi
190 1848 376 1913 ,patefaciam
401 1856 456 1900 tum
479 1867 572 1901 nnana
596 1852 690 1902 aniboa
714 1851 841 1902 consules
865 1867 926 1902 enm
951 1851 1095 1914 adgressos
1113 1850 1143 1897 in
1162 1848 1256 1912 fugam
1347 1858 1351 1869 '

116 1930 212 1965 voraoe
225 1932 295 1966 ease.
331 1917 391 1967 lam
409 1920 434 1967 ai
453 1920 488 1968 ad
506 1919 675 1969 Sallustiana
695 1920 800 1969 animos
822 1919 1028 1975 adverterimus,
1048 1932 1108 1965 oum
1126 1922 1151 1966 et
1168 1917 1257 1966 eodem

115 1989 229 2046 tempore
247 1984 370 2034 Lentulus
395 1987 524 2052 seriptum
543 1987 593 2041 ait,
617 1987 685 2037 illnd
703 1987 875 2052 perspicuum
895 1991 950 2046 eat,
974 1985 1007 2035 dc
1031 1982 1137 2048 proelio
1155 1983 1257 2032 dietum

117 2049 217 2110 firmae,
242 2052 271 2099 in
290 2066 342 2116 quo
360 2052 407 2101 ille
428 2070 488 2103 enm
508 2054 562 2103 alio
581 2055 650 2104 dirae
670 2056 790 2104 Romano
809 2070 864 2103 urna
882 2053 1069 2119 pugnauerant.
1106 2049 1192 2100 Simul
1210 2064 1255 2099 ex·

116 2123 205 2167 trema
221 2118 308 2168 verba
326 2120 480 2177 ostendunt,
501 2122 583 2171 alium
603 2123 752 2172 exereitum
771 2137 879 2187 pugnae
898 2121 943 2170 din
960 2121 1015 2170 iarn
1028 2123 1256 2170 sustentataeau·

115 2186 283 2249 pervenisae.
308 2187 378 2238 Eum
391 2187 478 2253 legati
492 2191 577 2253 ipsine
588 2190 699 2240 Lentuli
711 2191 804 2249 briaae,
819 2205 982 2253 quemqnam
991 2186 1148 2253 praefracte
1159 2184 1256 2250 negari

115 2253 226 2316 nequit,
245 2260 339 2304 tamen
357 2257 416 2305 veri
428 2257 517 2307 ainrile
530 2273 584 2307 non
596 2264 651 2316 eat,
670 2256 839 2322 probabilior
855 2257 925 2306 haee
940 2255 1072 2321 euspicio:
1091 2254 1124 2302 L.
1137 2251 1256 2303 Gellium

115 2321 291 2384 inexpectato
309 2322 351 2370 illi
371 2325 472 2373 anxilio
491 2327 607 2374 venisse.
644 2326 721 2385 Quod
739 2325 822 2388 igitur
841 2325 912 2388 apud
925 2325 993 2372 Non.
1008 2323 1036 2373 in
1053 2320 1131 2369 libris
1149 2323 1256 2370 estlea-

113 2403 183 2449 pum,
208 2389 263 2437 iam
288 2388 354 2438 15?ss
378 2393 550 2441 emendatum
575 2400 617 2441 cat
635 2397 721 2442 Ιοσιιοι.
758 2392 864 2441 Deinde
884 2406 944 2440 enm
962 2389 1025 2438 libri
1044 2389 1162 2452 defeatur
1181 2386 1255 2437 exhi-

116 2454 209 2511 beant,
229 2457 317 2506 minna
336 2464 399 2523 apte
413 2459 560 2509 Lentulum
577 2460 661 2508 multo
679 2475 788 2508 suornm
807 2458 941 2524 sangnine
960 2458 1104 2507 defensum
1121 2454 1177 2504 diei
1194 2470 1255 2520 per·
1334 2496 1339 2505 .

114 2523 282 2587 spicientea,
303 2524 426 2590 plerique
446 2532 529 2577 autea
546 2528 599 2577 viri
617 2527 692 2576 doeti
710 2528 864 2589 defendens,
888 2526 1010 2576 Kritaius
1028 2524 1158 2585 desererem
1176 2521 1254 2573 reati-

115 2589 175 2638 tuit.
212 2591 255 2640 lle
275 2606 328 2655 qua
348 2609 375 2641 re
396 2610 558 2658 quamquam
579 2601 655 2644 certo
673 2595 819 2644 diiudicari
837 2595 945 2657 nequit,
965 2593 1093 2661 quoniam
1112 2590 1183 2655 quod
1194 2604 1254 2643 ver·

114 2657 179 2705 bum
198 2658 304 2708 tinitnm
330 2660 365 2709 ad
384 2662 507 2711 Lentulus
530 2662 646 2711 relatum
671 2663 767 2721 fauerit,
792 2663 944 2722 nescimus,
968 2666 1061 2710 tamen
1084 2674 1145 2708 enm
1168 2656 1256 2707 verba

114 2726 210 2787 duplici
232 2729 287 2775 acie
311 2730 399 2776 minus
424 2734 497 2778 recte
518 2745 577 2778 eum
597 2731 738 2791 ‹teseredeae
757 2730 887 2794 coniungi
907 2734 934 2777 ct
951 2728 1096 2794 ostendere
1111 2727 1200 2791 potius
1214 2725 1253 2773 vi·

115 2791 244 2853 deantur,
265 2794 420 2855 Lentulum,
440 2812 499 2845 eum
514 2796 664 2846 adventare
678 2796 780 2847 auxilia
798 2796 921 2858 vidisset,
941 2797 996 2845 iarn
1010 2797 1037 2844 in
1050 2794 1137 2843 hostia
1149 2795 1254 2856 ingres-

114 2874 172 2907 anm
192 2875 267 2917 esse,
289 2877 353 2927 ergo
372 2862 460 2912 loenm
480 2864 555 2913 illum
575 2864 677 2915 editum
696 2869 745 2913 aut
762 2867 898 2917 evasisse,
920 2868 967 2912 ant
985 2862 1056 2926 quod
1073 2858 1253 2927 probabilius,

114 2925 258 2990 reliquisse
278 2928 409 2993 l‘dnplici
429 2931 489 2979 acie
509 2926 598 2979 loenm
617 2931 733 2990 editum,
754 2947 832 2997 quem
852 2931 939 2981 adhuc
959 2929 1044 2979 multo
1063 2944 1172 2979 suornm
1190 2942 1252 2978 aan-

113 2993 196 3057 gnine
215 2994 391 3058 defenderat,
412 2999 523 3062 reliquit
542 3004 567 3046 et
586 3001 615 3048 in
627 2998 720 3048 hostes
734 3000 855 3064 inpetum
868 2998 975 3060 lecit'),
994 3000 1053 3047 ueri
1072 2996 1187 3046 similius
1201 3000 1253 3056 eat,

114 3061 185 3123 qnod
204 3061 325 3113 Kritzius
344 3067 493 3129 proposuit,
514 3083 600 3130 eoque
620 3067 708 3130 magia
728 3066 963 3132 conprobandum,
987 3065 1052 3130 qnia
1070 3080 1200 3130 proxume
1219 3063 1254 3113 ad

112 3128 243 3203 libroqnm
256 3132 418 3195 scripturam
433 3133 549 3182 adcmlit.
574 3134 642 3182 'Prnn
655 3133 779 3198 plerique
793 3134 855 3183 libri
869 3133 1071 3191 centuriatorum
1088 3149 1136 3181 ms.
1150 3130 1252 3188 Palat,

112 3195 216 3245 cidelare
236 3213 314 3247 macr.
334 3199 429 3259 aaut,
451 3201 486 3249 al.
501 3203 591 3261 calori,
609 3202 715 3251 libaturi.
745 3203 799 3251 l‘ro
813 3203 909 3265 quibua
923 3200 993 3266 qnod
1007 3199 1120 3250 Colerna
1134 3198 1254 3249 coniecit

112 3262 287 3313 scribendum
307 3281 366 3315 esse
380 3269 487 3328 leactoti,
509 3269 574 3316 ferri
589 3285 641 3318 non
660 3285 740 3333 posse
754 3269 839 3318 facile
854 3268 1031 3331 intellegitur,
1046 3284 1097 3316 nee
1110 3266 1253 3315 difficilius

113 3330 309 3395 paludamenta
328 3349 415 3397 neque
436 3336 546 3384 adstare
565 3352 654 3400 neque
679 3337 789 3385 obstare
814 3338 884 3386 satia
908 3336 1047 3385 commode
1066 3334 1130 3383 diei.
1167 3332 1254 3383 Simul

112 3398 228 3462 adparet
241 3400 353 3449 verbum
367 3403 462 3451 similis
476 3405 596 3453 notionis
610 3420 670 3452 ease
685 3403 800 3463 debere,
818 3410 900 3469 atque
913 3405 985 3468 qnod
998 3403 1121 3466 sequitur
1132 3402 1252 3462 intellepi,

110 3481 160 3528 pro
175 3481 228 3529 qna
241 3469 311 3530 qnod
324 3485 372 3516 nra.
387 3469 477 3519 l’ulat.
492 3471 603 3519 exhibet
615 3473 698 3521 deleri
709 3478 822 3534 coeptae,
842 3470 921 3520 nihili
934 3470 1093 3520 faciundum
1106 3474 1156 3518 eat.
1187 3468 1253 3517 Sen-

111 3533 216 3582 tentiae
230 3535 314 3598 igitnr
326 3537 512 3594 satisfaceret,
527 3538 596 3602 quod
610 3539 732 3587 Kritziua
744 3540 851 3603 recepit
863 3544 1002 3598 oeteuturt,
1014 3536 1092 3586 modo
1103 3552 1136 3586 ca
1147 3534 1253 3584 ratione

112 3600 138 3647 id
157 3601 270 3650 verbnm
289 3603 389 3652 dietum
409 3622 470 3655 esso
489 3607 670 3656 demonstrari
688 3612 790 3671 posset.
828 3608 937 3666 Quiane
963 3620 1015 3670 ego
1033 3604 1088 3653 aori
1109 3604 1133 3651 ai
1151 3610 1252 3659 reterre,

111 3668 182 3730 «pared
201 3684 260 3717 cnm
279 3670 312 3718 de
333 3672 371 3720 eia
391 3673 507 3739 (qairrein
526 3673 675 3738 scrrlpendo
698 3679 745 3722 ant
764 3674 809 3738 pin
831 3672 900 3722 endo
918 3672 1064 3722 luminibus
1083 3621 1252 3736 distinguun-

111 3740 155 3782 tur
179 3736 282 3785 dictnm
301 3738 338 3786 ait
356 3739 484 3795 (Ellendt
503 3741 537 3789 ad
550 3742 608 3790 Cic.
628 3741 661 3790 de
682 3757 719 3791 or.
734 3742 776 3790 lll
793 3691 835 3801 21,
851 3740 899 3790 101
919 3757 944 3804 p.
959 3738 1009 3790 399
1021 3742 1081 3802 aq),
1101 3743 1178 3790 reete
1192 3737 1251 3787 Sal·
1296 3793 1300 3801 ,

110 3802 209 3852 lustina
229 3804 263 3852 ad
282 3806 491 3869 paludamenta,
513 3824 581 3872 qnae
602 3809 734 3873 paulatim
754 3810 827 3859 inter
844 3809 971 3857 sarcinas
990 3808 1066 3856 cerm
1084 3822 1116 3855 ae
1129 3806 1253 3872 dignosci

110 3886 242 3935 coepere,
264 3874 413 3922 transferre
432 3875 528 3950 potuit.

195 4006 331 4055 Secuntur
350 4009 404 4058 iam
424 4025 457 4059 ca
476 4010 647 4073 fragmenta,
673 4025 743 4075 qnae
768 4027 801 4059 ex
819 4010 889 4059 libro
908 4010 1029 4059 secundo
1048 4016 1253 4062 commemorata

110 4087 163 4135 qno
182 4074 329 4124 referunda
348 4077 415 4135 aiut,
435 4078 545 4128 dubium
566 4084 613 4128 ritrt
631 4079 765 4127 incertum
785 4084 834 4128 est.

196 4208 1248 4291 Nfflffltmlfflwmmmmwmfflmm

108 4306 1252 4394 dmmMOEMmmmemmmmmmmmmmemme

107 4411 233 4483 ugurinc.
