2768 5010
439 390 743 436 conuernnrrosun
763 386 835 435 ear.
854 385 886 434 r.
1178 366 1237 435 125

93 550 142 607 dae
167 559 269 612 essent,
291 557 333 606 set
357 562 418 605 eum
440 547 578 604 laederent
594 577 644 609 -,
664 548 692 604 in
714 545 760 603 illa
784 546 919 620 scriptura
934 546 1000 602 mihi
1014 547 1237 621 acquiescendum

94 653 208 715 ridetur,
230 651 391 726 praesertim
413 669 473 707 cum
493 649 619 706 librarios
639 650 752 706 miratos
773 649 979 705 insolentiorem
997 648 1163 705 locutionem
1186 651 1237 704 im-

90 756 241 826 peratoris
255 753 410 810 restituisse
427 752 542 826 indeque
557 754 733 824 imperatori,
751 750 897 808 obscurato
911 751 985 825 qued
1002 768 1083 825 snpra
1101 751 1236 825 adpictum

93 864 151 912 erat
172 872 203 925 s,
227 856 328 912 laetum
351 871 411 910 esse
434 871 488 910 non
512 871 626 928 prorsus
648 854 681 909 ab
708 854 763 910 veri
785 853 873 927 speeie
897 851 1015 909 alienum
1039 853 1083 909 sit.
1127 852 1236 911 bativus

93 975 147 1031 que
170 958 253 1014 medo
280 941 347 1013 lerri
369 956 457 1032 possit
478 973 532 1012 rien
555 956 641 1018 video,
664 973 753 1029 neque
778 955 850 1011 enim
876 954 962 1011 ullum
983 954 1041 1011 eius
1064 956 1173 1028 generis
1192 973 1248 1027 ex·¹
1327 958 1332 963 ’

94 1060 212 1135 emplum
231 1059 304 1120 novi,
326 1066 363 1122 et,
387 1058 409 1114 si
431 1058 565 1114 rationem
588 1056 785 1131 exploraveris,
803 1071 916 1129 poenos
930 1059 1018 1114 elicui
1029 1064 1129 1128 petere
1152 1056 1237 1131 signi·

93 1160 153 1218 licat
175 1162 271 1237 potius
291 1177 349 1232 pro
372 1163 466 1233 aliquo
485 1177 565 1234 qnam
587 1160 622 1215 eb
644 1162 739 1231 aliquo
756 1166 868 1230 petere.
912 1158 981 1215 Nolo
1005 1168 1094 1214 tamen
1115 1158 1235 1225 dillitcri,

93 1281 132 1320 me
153 1281 210 1320 non
232 1263 376 1319 admodum
397 1280 479 1336 aegre
495 1261 614 1319 laturum
629 1279 697 1323 esse,
721 1261 744 1318 si
766 1261 827 1335 quis
851 1260 886 1317 ob
907 1278 966 1317 eam
980 1261 1066 1335 ipsam
1083 1261 1235 1334 scripturae

92 1364 278 1422 diversitatem
305 1365 371 1421 baec
399 1364 479 1420 verba
504 1363 641 1437 glossema
672 1381 732 1420 csse
755 1363 920 1420 indicaverit.
959 1363 1024 1420 Nam
1050 1380 1138 1436 neque
1165 1364 1236 1420 desi-

91 1467 258 1523 derabantur
286 1467 353 1523 baec
380 1467 461 1524 verba
487 1475 515 1522 et
541 1466 580 1522 cis
603 1465 697 1522 eiectis
725 1464 870 1522 Sallustius
900 1466 1086 1539 ambiguitatis
1113 1466 1179 1521 vitio
1200 1463 1235 1521 li·

93 1566 239 1625 berabitnr.

175 1704 233 1778 lug.
256 1709 299 1768 67,
315 1712 333 1763 2
347 1704 471 1779 plerique
494 1703 557 1759 libri
576 1720 657 1758 manu
680 1702 775 1778 scripti
791 1702 933 1759 exhibent:
955 1705 986 1761 id
1000 1705 1235 1761 misericordiane

92 1806 210 1879 bospitis
232 1824 271 1862 un
291 1809 425 1878 pectione
453 1812 504 1861 out
530 1821 600 1861 cusu
628 1808 668 1860 ita
692 1807 819 1861 evenerit
838 1821 946 1876 porum
968 1809 1165 1878 conperimus,
1188 1805 1234 1862 alii

93 1914 141 1963 aut
156 1911 293 1980 pectione
317 1916 368 1964 eut
390 1924 477 1976 cose,
498 1907 544 1962 alii
568 1909 757 1978 aspectione
776 1925 814 1993 err
835 1923 915 1980 cocu.
960 1907 1023 1964 Rem
1045 1908 1129 1980 igitur
1151 1907 1174 1963 si
1195 1908 1235 1964 di·

93 2007 208 2083 ligenter
228 2010 455 2071 consideraveris.
483 2027 543 2066 enm
573 2007 639 2064 illud
669 2009 768 2064 mirum
787 2018 859 2064 esset
880 2026 963 2065 unnm
986 2009 1115 2065 intactum
1138 2009 1235 2084 Turpi-

94 2109 155 2166 lium
171 2111 338 2185 profugisse,
356 2112 410 2167 dno
433 2120 537 2167 tantuin
559 2112 652 2185 qiiaeri
674 2111 799 2186 potuisse
821 2109 972 2183 intelleges,
997 2118 1087 2166 utrum
1111 2127 1175 2167 casn
1195 2112 1234 2167 el·

95 2213 212 2285 lugiendi
236 2198 585 2297 occasiopfflqinvenisset,
609 2229 642 2267 an
665 2230 696 2269 ea
719 2212 758 2267 illi
777 2211 810 2267 ab
831 2211 958 2268 hostibus
979 2212 1041 2268 data
1059 2219 1146 2268 esset:
1175 2214 1232 2269 dari

94 2322 179 2370 autern
203 2314 236 2370 ab
253 2298 392 2371 hestibns'
404 2316 526 2389 potuisse
546 2321 592 2369 aut
608 2313 793 2370 misericordia
811 2321 857 2369 ant
871 2314 1070 2387 promissorum
1085 2322 1143 2388 spe.¹
1177 2314 1233 2382 Qua

94 2432 121 2470 re
141 2415 317 2473 scribundum
341 2416 405 2472 mibi
428 2417 512 2472 risum
534 2423 589 2472 est:
613 2417 848 2472 misericordiane
871 2422 923 2471 out
941 2418 1075 2487 pectione
1095 2435 1134 2473 ere
1153 2433 1232 2474 cese.

175 2551 232 2625 lug.
255 2557 298 2615 to,
319 2560 336 2611 2
359 2552 526 2627 speciosiora
552 2570 631 2628 quam
655 2551 759 2606 veriora
783 2561 950 2624 argumenta,
973 2553 1072 2627 quibus
1092 2552 1156 2609 olim
1174 2556 1233 2610 ele·

95 2670 155 2708 rum
178 2663 386 2727 acceptumque
408 2655 538 2710 advorsus
559 2653 690 2710 liritzinm
710 2652 830 2716 delendi,
857 2672 888 2710 ca
913 2672 984 2711 ianne
1005 2673 1120 2730 prorsus
1143 2655 1230 2713 abicio

95 2770 140 2811 nee
159 2755 256 2812 dubito
279 2765 374 2813 contra
405 2756 492 2812 orrrnis
521 2755 606 2812 libros
633 2773 734 2811 cerum
752 2757 908 2830 eonrtgere,
939 2777 1000 2814 enin
1021 2758 1046 2813 id
1064 2775 1119 2814 non
1143 2758 1232 2815 solnm

94 2859 313 2914 cousuetudinem
337 2858 483 2914 latinorum
506 2859 685 2932 scripturum,
716 2866 756 2913 set
779 2860 858 2914 etiarn
882 2877 972 2914 rernm
996 2860 1117 2916 ordinem
1136 2869 1231 2935 postn-

94 2956 145 3014 lare
168 2959 357 3016 intellexerim.
402 2960 509 3017 Scilicet
532 2961 604 3033 qnod
627 2963 727 3017 clerus
750 2961 894 3034 exprimat,
923 2961 949 3016 id
977 2962 1155 3036 sequentibus
1177 2962 1230 3019 diei

94 3062 271 3118 manufestum
290 3071 341 3118 est.

173 3197 230 3270 lug.
247 3203 319 3260 aas
334 3206 407 3254 reete
420 3197 554 3254 Linkerus
577 3197 701 3271 scripsit:
725 3198 799 3253 Nem
819 3196 914 3269 ferme
937 3199 1068 3255 Numidis
1091 3200 1121 3254 in
1142 3202 1230 3256 onini-

93 3296 141 3352 bus
157 3301 280 3370 proeliis
295 3301 393 3372 magis,
403 3303 492 3371 pedes
514 3317 600 3372 quem
622 3319 705 3355 orme
720 3308 876 3361 tutamenta
899 3318 956 3357 eam
975 3301 1046 3357 enim
1067 3301 1229 3375 scripturam

93 3399 227 3474 arebetypi
253 3401 335 3457 luisse
357 3409 438 3475 atque
460 3405 594 3459 rrumides
622 3411 649 3459 et
676 3410 769 3459 tutelo
792 3403 832 3459 cel
858 3407 942 3460 tutati
966 3410 1141 3460 conrectnras
1169 3420 1230 3459 esse

93 3517 121 3555 cx
142 3502 288 3565 varietate,
316 3520 384 3576 quae
413 3504 441 3558 in
462 3503 600 3560 codicibus
622 3512 672 3566 est,
695 3505 814 3579 adparet.
859 3505 924 3561 Cum
950 3515 1039 3561 autern
1063 3513 1140 3561 tutus
1159 3505 1230 3579 apud

92 3601 150 3657 Sall.
173 3621 283 3678 semper
301 3605 461 3661 adieetivnm
481 3605 517 3660 sit
539 3605 601 3677 (vid.
625 3605 701 3679 lud),
719 3607 785 3663 adeo
808 3607 841 3662 de
860 3608 1017 3663 coniectura
1039 3608 1144 3664 dativus
1168 3607 1229 3663 Nu·

90 3706 169 3760 medis
190 3706 376 3763 restituendus
395 3707 455 3762 luit.
500 3707 569 3764 lton
588 3708 674 3781 igitur
695 3707 741 3764 illa
761 3709 896 3783 scriptura
918 3718 981 3783 apta
1000 3712 1059 3765 est't
1097 3708 1229 3776 Quoniam

90 3824 155 3880 quae
179 3815 239 3863 tnta
261 3817 332 3871 sunt,
356 3809 395 3865 eis
417 3809 516 3866 conlidi
535 3818 636 3884 potest,
660 3810 820 3868 factumest
840 3819 870 3867 ut
892 3818 953 3866 tute
973 3812 1136 3875 dicerentur,
1160 3829 1229 3886 qnae

90 3916 176 3965 tntum
204 3919 360 3983 praestent;
388 3911 440 3966 vid.
468 3911 532 3967 llnk.
561 3912 595 3968 ad
615 3911 688 3969 Flor.
717 3912 749 3967 lV
771 3922 801 3975 3,
824 3920 867 3972 2⁴2.
901 3914 974 3970 Caes.
997 3914 1025 3970 lt.
1046 3914 1075 3968 G.
1103 3915 1123 3969 ll
1141 3920 1190 3976 28,
1214 3925 1229 3975 1

89 4013 242 4068 victoribus
264 4013 336 4068 nibil
356 4015 530 4084 impeditum,
551 4015 632 4070 victis
652 4015 724 4071 nibil
744 4022 842 4071 tutum.
886 4016 940 4072 b'ee
961 4015 1092 4073 dissimile
1112 4023 1155 4072 est
1171 4017 1228 4072 Cat.

87 4120 132 4175 58,
155 4122 191 4174 9:
214 4117 310 4169 omnia
329 4116 408 4171 uobis
436 4123 498 4170 tute
519 4124 606 4173 eruat
629 4117 645 4171 i.
669 4135 692 4173 e.
716 4117 805 4173 omnia
829 4118 904 4181 talia,
931 4137 999 4193 qnae
1020 4118 1100 4174 nobis
1121 4136 1154 4174 ne
1175 4120 1230 4175 eri·

88 4215 208 4287 piantur,
233 4215 379 4272 timendum
400 4234 455 4273 non
483 4219 533 4280 sit,
557 4236 624 4292 erge
648 4237 716 4293 quae
745 4237 795 4275 nos
816 4220 952 4276 adiuvent.
994 4221 1132 4276 Sententia
1161 4238 1229 4295 ergo

88 4325 141 4372 est:
169 4318 198 4373 in
218 4317 345 4373 omnibus
371 4316 485 4393 proeliis
507 4319 635 4376 Numidae
657 4321 740 4394 pedes
768 4339 848 4395 qnam
870 4341 944 4380 arma
972 4325 1073 4380 tutiora
1096 4324 1231 4398 praesidia

88 4416 196 4477 habene
241 4419 315 4488 Quae
334 4420 470 4496 sententia
490 4422 519 4478 in
541 4423 697 4479 universum
713 4423 854 4498 pertinens
871 4443 906 4482 an
927 4425 961 4482 ab
975 4426 1028 4483 boe
1049 4425 1111 4483 loeo
1125 4426 1231 4485 alienat

1262 1458 1279 1489 fi
