2768 5010
352 374 355 379 ’
418 393 723 439 counuraaaouuu
746 393 815 436 aar.
832 394 882 436 111.
957 378 980 415 0
1184 373 1226 436 43

124 551 274 610 donaremus
290 553 357 608 tta.
369 552 411 609 ed.
425 551 446 607 tt
458 549 510 608 voi.
524 551 535 607 Ι
547 569 572 625 p.
586 555 646 614 407,
663 550 758 624 utique.
772 550 853 606 etiam
868 558 950 622 atque
962 548 1042 605 etiam
1054 549 1227 607 consideran-

121 654 163 711 tau
174 664 214 716 est,
234 673 267 711 ne
278 651 366 711 aitero
379 670 475 710 errore
492 651 600 708 subiato
617 650 733 708 aiterum
748 652 876 726 scriptori
892 653 1061 726 inponamus.
1084 653 1228 710 Praeterea

120 757 136 812 si
145 776 188 814 cau
200 756 360 813 sententiam
370 754 589 831 conprobaveris
604 754 692 811 oratio
706 753 788 810 hahet
801 752 883 811 hiulci
895 752 997 827 aliquid
1015 763 1097 828 atque
1109 754 1226 829 abrupti,

120 860 169 933 qaod
183 859 211 914 ab
229 857 340 915 Sallusti
363 857 473 931 ingenio
497 874 528 913 ac
551 873 627 913 more
644 873 759 931 prorsus
782 854 898 912 alienum
919 864 975 919 est,
998 856 1044 930 qui
1065 864 1139 913 certe
1161 858 1228 913 scri·

119 968 188 1034 purus
206 961 270 1018 init:
291 966 350 1016 tam
372 959 513 1016 Graeciae
534 974 642 1015 morem
664 959 770 1014 imitati
789 960 877 1031 lepem
892 958 1028 1014 Porciam
1043 956 1174 1031 aliosque
1189 960 1227 1015 Ie·

118 1079 304 1136 asperavere.
349 1061 397 1119 Set
415 1063 599 1136 quaerendum
614 1069 657 1117 est
672 1061 705 1118 de
721 1059 919 1116 sententiarum
937 1077 1008 1116 nexu
1024 1060 1151 1135 omnique
1162 1079 1227 1119 eou-

118 1163 216 1222 clusionis
244 1166 359 1222 ratioue.
410 1163 531 1220 Caesaris
556 1163 642 1237 igitur
668 1162 803 1220 sententia
830 1162 896 1218 haee
921 1171 977 1225 est,
1005 1171 1043 1218 ut
1070 1163 1228 1220 coniuratos

118 1266 284 1340 deprehensos,
316 1266 438 1341 quamvis
459 1266 624 1329 meruerint,
654 1274 743 1321 tamen
765 1263 862 1321 mortis
884 1280 973 1339 poena
994 1282 1049 1322 uon
1069 1264 1228 1323 aitieiurrdus

118 1379 203 1425 emeat.
245 1368 302 1438 Qua
322 1387 352 1425 rc
375 1376 520 1444 postquam
544 1385 599 1425 uon
620 1368 715 1424 decere
735 1372 857 1424 seuatum
881 1367 921 1422 ira
941 1375 987 1423 aut
1016 1367 1106 1442 aliqua
1126 1368 1230 1443 cupidi·

120 1478 155 1525 tate
171 1479 322 1528 caumatum
343 1471 490 1528 decernere
511 1469 637 1545 exposuit
659 1467 681 1541 (1
696 1466 799 1540 -15),
826 1467 910 1524 Silani
932 1469 1093 1526 seutentiam
1122 1470 1228 1527 duobus

119 1575 254 1644 argumentis
273 1572 439 1629 reiciundam
460 1588 520 1628 esse
541 1572 676 1634 ostendit,
696 1571 813 1646 primum
834 1571 907 1645 ‹puad
926 1570 1033 1645 legibus
1053 1589 1107 1629 uon
1132 1590 1229 1629 conre-

121 1673 157 1728 niat
173 1674 305 1746 (te-24),
330 1684 388 1731 tum
410 1674 482 1748 quad
501 1674 647 1730 verendum
670 1673 705 1729 sit
727 1690 761 1729 ue
781 1690 812 1729 en
836 1674 931 1729 merita
953 1690 1040 1747 poena
1060 1675 1229 1749 conprehen-

121 1790 185 1832 amn
203 1776 300 1833 maium
323 1775 476 1851 exemplum
500 1776 607 1832 oriatur
627 1774 768 1848 (ea—36).
807 1774 845 1830 dd
867 1774 919 1832 hoo
933 1774 1146 1833 confirmandum
1168 1795 1230 1853 per·

123 1874 192 1939 liter,
219 1895 286 1952 iprae
313 1878 346 1933 de
367 1876 517 1934 maioribus
540 1883 663 1938 37-42
684 1876 824 1939 dieantur,
853 1877 972 1951 adparet.
1019 1876 1139 1945 Quorum
1161 1898 1229 1954 quae

123 1994 194 2035 uuna
214 1982 273 2036 est?
296 1996 387 2036 noune
407 1979 486 2036 iraec:
509 1979 626 2035 maiores
648 1978 829 2053 sapientiores
845 1988 873 2035 et
890 1978 1019 2035 tortiores
1035 1980 1127 2042 inisse,
1150 1998 1228 2055 qumn

124 2079 154 2150 pri
165 2080 207 2137 iam
221 2082 325 2145 rirant;
344 2099 397 2155 qua
409 2098 439 2138 re
460 2081 510 2138 hos
525 2081 621 2138 decere
637 2079 746 2137 illorum
762 2080 914 2155 esernplum
933 2081 1010 2154 sequi
1025 2089 1106 2155 atque
1121 2082 1230 2144 imitari,

123 2177 162 2235 ie.
179 2200 241 2258 quae
262 2183 300 2239 iili
324 2200 414 2239 rerum
433 2200 484 2239 usu
506 2183 596 2240 edocti
619 2183 789 2240 instituerint
806 2190 897 2240 tenere
920 2189 947 2239 et
969 2182 1130 2240 observare?
1163 2182 1231 2252 Quid

124 2290 184 2340 raam
203 2287 232 2342 ad
255 2286 307 2342 hoc
328 2285 560 2342 conmendandum
579 2285 689 2359 gravius
710 2293 761 2348 est,
782 2284 899 2358 quamsi
915 2283 1084 2347 ostendatur,
1105 2286 1230 2350 maiores,

124 2399 159 2454 qao
171 2396 273 2462 optuma
289 2404 413 2461 quaeque
433 2395 460 2443 et
482 2404 605 2443 maxume
624 2387 720 2443 idonea
742 2386 769 2443 iu
784 2385 936 2462 republica
959 2387 1142 2450 instituerent,
1164 2389 1231 2446 adeo

123 2490 249 2560 anninus
272 2489 372 2545 imitari
392 2506 447 2545 uon
464 2489 586 2562 fugisse?
624 2488 719 2545 Nonne
741 2507 774 2545 eo
797 2489 884 2562 magis
900 2497 1074 2563 posterorum
1097 2507 1172 2553 esse,
1201 2500 1231 2547 nt

123 2589 222 2647 uriarum
240 2588 363 2665 exempla
387 2597 545 2664 sequautur,
569 2591 697 2665 adparet,
720 2608 782 2648 eum
803 2588 877 2660 illos,
901 2609 956 2665 quo
980 2591 1069 2649 miuus
1090 2591 1178 2649 botros
1202 2612 1232 2651 ac

123 2686 182 2747 toas
202 2693 387 2754 imitarentur,
418 2690 493 2748 untia
516 2692 614 2748 insidia
637 2691 768 2766 nulloque
796 2709 886 2748 rerum
909 2693 1118 2751 domesticarum
1141 2695 1231 2752 studio

123 2797 177 2864 tique
195 2811 282 2850 amore
299 2794 435 2868 inpeditos
450 2811 510 2850 esse
533 2794 711 2851 ostendatur?
745 2794 783 2850 Eo
806 2794 828 2849 si
852 2802 956 2870 spectat
976 2795 1021 2851 iila
1044 2796 1232 2854 instituturum

122 2889 144 2943 ti
159 2897 298 2970 peregrinis
316 2904 490 2971 acceptorum
511 2878 739 2959 eonruemoratio,
768 2897 885 2953 minume
912 2915 1023 2954 necesse
1045 2916 1105 2955 esse
1127 2898 1233 2956 intelle-

122 2992 180 3062 gitur,
200 3008 243 3055 aut
266 3015 369 3054 morem
390 2997 547 3054 verberibus
569 2998 802 3055 auinradrortuudi
822 3007 869 3055 aut
890 2998 952 3056 exiii
972 3000 1150 3075 permittuudi
1169 3020 1233 3058 cou-

122 3100 258 3157 suetudinem
280 3100 314 3156 ali
337 3099 489 3175 preregriuis
507 3100 638 3156 translata
658 3118 718 3157 esse
741 3102 802 3158 dici.
842 3102 922 3158 Recte
937 3103 975 3159 sie
991 3103 1114 3177 procedit
1129 3104 1232 3161 oratio:

122 3199 208 3257 naiores
229 3203 327 3265 nostri,
351 3210 380 3258 ut
404 3202 529 3258 instituta
552 3203 669 3258 civitatis
692 3204 873 3266 emendarent,
897 3222 1003 3262 amnem
1024 3223 1115 3262 curam
1138 3206 1231 3280 inpen-

121 3295 176 3362 dere,
199 3304 261 3361 adeo
287 3303 321 3360 ab
343 3304 497 3378 peregrinis
520 3322 589 3378 quae
610 3305 705 3362 idonea
729 3306 889 3363 ridebantur
913 3325 1069 3381 sumpsere;
1090 3324 1173 3364 urium
1195 3316 1234 3364 ta-

122 3414 164 3457 mea
181 3422 277 3461 morem
301 3408 440 3462 retinuere
457 3406 604 3462 crudeliter
620 3408 862 3465 condemnatorum
883 3409 1091 3484 puniendorum,
1115 3419 1155 3467 set
1172 3429 1232 3466 trum

122 3513 190 3570 pastea
211 3526 259 3564 usn
280 3525 371 3563 rerum
401 3508 447 3582 qui
481 3508 581 3564 uhusns
609 3508 666 3565 deri
691 3517 784 3585 posset
812 3512 916 3585 experti
943 3510 1147 3573 intellexissent,
1172 3530 1232 3567 eum

121 3618 203 3681 titoque
223 3628 325 3666 tuorem
349 3610 523 3666 inmutarere.
562 3610 657 3668 Nauae
684 3629 747 3673 rias,
778 3613 823 3687 qui
847 3612 900 3670 iilis
922 3614 1022 3668 rirtute
1050 3622 1078 3669 et
1100 3614 1233 3688 sapientia

121 3701 235 3768 ttirnure's
255 3710 350 3776 simus,
372 3712 464 3769 cariem
488 3730 556 3787 quae
578 3712 640 3769 illas
661 3721 790 3777 metuere,
813 3716 905 3772 eadrnu
926 3733 1020 3771 carere
1041 3715 1135 3772 aieret?
1180 3715 1232 3770 lam

120 3822 251 3886 ‘ttaaquam
271 3814 352 3870 rerba
373 3813 420 3870 illa
442 3815 581 3872 Graeciae
602 3832 708 3872 rnorem
731 3819 835 3873 imitati
851 3818 882 3873 ad
902 3816 1079 3874 eorreludaudi
1100 3818 1232 3873 rationem

120 3923 159 3967 tra
177 3918 320 3973 necessaria
340 3934 400 3973 esse
423 3918 614 3991 cognorimus,
644 3926 731 3974 tamen
760 3920 781 3974 si
806 3919 907 3992 aliquid
931 3919 1060 3993 ponderis
1082 3920 1114 3976 nd
1135 3918 1234 3976 coufir-

120 4016 217 4074 taudum
238 4027 429 4093 argrmreutum
451 4019 558 4082 addant,
582 4037 637 4076 non
660 4021 797 4077 reiciuuda
820 4021 991 4078 rideiurntur.
1032 4020 1146 4088 Quodsi
1168 4022 1234 4077 itae·

120 4109 216 4175 dedeinii
236 4123 400 4178 senteutiam
420 4121 640 4197 comprobaveris,
666 4141 756 4180 nonne
777 4122 842 4179 iliud
865 4124 961 4198 ipsum,
985 4140 1040 4196 quo
1055 4123 1152 4180 Caesar
1169 4141 1234 4181 rotr-

121 4219 219 4277 muna
236 4224 329 4298 cupiat
353 4241 427 4279 suam
448 4224 619 4288 seutentiam,
643 4226 674 4281 ad
691 4243 748 4281 aram
770 4225 965 4300 inprobandam
990 4224 1077 4281 reniet?
1113 4229 1153 4281 Au
1176 4244 1235 4282 cre·

119 4313 180 4376 diiiie
197 4335 236 4381 est
257 4326 398 4388 Catonem,
422 4326 468 4400 qui
485 4333 527 4387 52,
544 4332 576 4386 19
598 4327 650 4383 irae
667 4327 755 4401 ipsum
778 4335 977 4401 argumentum.
989 4328 1110 4383 Caesaris
1130 4327 1234 4384 diluere

119 4421 194 4488 attici,
215 4428 238 4485 id
264 4428 524 4504 praetermissurum
545 4428 638 4493 fuisse,
661 4431 684 4486 si
699 4429 745 4487 ilic
761 4430 894 4486 leniorem
909 4448 939 4486 ae
954 4430 1089 4486 mitiorem
1105 4430 1233 4505 puniendi
