2768 5010
422 413 725 460 oosuursrrorvuu
749 408 888 458 011111.
1191 384 1247 451 73-

138 580 213 646 putent.
246 572 306 630 lirin
325 572 389 630 Nar.
411 589 472 631 cum
494 586 557 628 sese
578 571 711 634 exhibent,
731 576 820 626 tamen
843 583 874 624 se
896 573 1051 641 suspectum
1073 583 1128 623 non
1143 567 1232 624 reddit

137 683 156 729 rt
171 674 296 751 llieronpmi
320 675 480 732 testimonio
504 683 561 754 tum
582 673 689 729 ilemum
716 671 817 746 aliquid
837 670 1010 727 tribuendum
1030 670 1147 734 videtur.
1170 688 1232 727 curn

137 777 275 835 eiuscodices
295 777 445 852 diligenter
468 775 603 851 explorati
624 757 737 831 luerint.
781 772 902 836 Scilicet,
929 790 993 828 num
1014 771 1116 847 aliquid
1137 790 1232 831 errore

137 875 209 934 librarii
221 898 248 937 ur
264 898 324 937 rere
340 864 470 953 recteque
485 877 616 935 omissum
630 895 691 934 esse
706 876 880 933 statuendum
897 876 941 938 sit.
956 892 1017 930 cum
1035 876 1115 933 etiam
1128 876 1233 952 optumi

137 978 180 1034 libri
195 990 214 1037 et
231 999 260 1039 ne
279 975 312 1038 Ρ1
338 982 447 1055 quidem
470 979 570 1037 talibus
588 980 729 1036 er‘ruribus
757 995 872 1052 prorsus
898 975 978 1034 liberi
999 977 1068 1040 sint,
1095 979 1128 1036 de
1150 997 1182 1036 ee
1204 996 1234 1035 re

138 1080 227 1140 iuliriun
243 1083 340 1159 pendet
357 1101 390 1138 es
410 1083 515 1140 dicendi
537 1081 734 1138 consuetudine
757 1087 785 1136 et
807 1079 860 1136 loci
879 1079 1011 1154 cuiusque
1034 1086 1139 1137 natura.
1176 1082 1233 1137 Fa·

137 1184 200 1254 tipnre
218 1186 296 1258 igitur
325 1182 372 1240 ubi
399 1184 523 1243 rellerive
550 1182 652 1240 dicium
673 1190 760 1244 esset.
785 1200 865 1239 nemu
887 1182 973 1239 adbuc
1001 1183 1137 1246 ostendit,
1164 1184 1234 1240 etsi

136 1285 185 1356 ool
201 1286 271 1343 semel
288 1287 443 1343 inveniatur
464 1291 612 1361 propterea
636 1293 711 1342 recte
734 1284 873 1359 inprobari
896 1285 1045 1358 negaveris,
1069 1292 1156 1341 tamen
1179 1286 1235 1364 Sal·

137 1382 215 1445 ludium
230 1407 281 1446 nun
302 1388 385 1445 modo
407 1387 585 1449 insolentius,
608 1395 650 1444 set
672 1387 705 1443 sd
723 1395 832 1460 captum
855 1385 995 1442 homiuum
1018 1403 1112 1459 parum
1130 1389 1236 1463 perspi·

137 1503 170 1545 111
185 1492 309 1566 scripsisse
332 1489 444 1547 infitiari
466 1507 521 1547 non
545 1490 658 1563 poteris,
695 1490 756 1546 Non
779 1489 865 1562 magis
891 1506 959 1561 crgo
988 1489 1041 1544 huc
1065 1487 1127 1546 lucu
1154 1491 1236 1547 unius

138 1588 180 1647 tile
195 1594 343 1651 auctoritate
364 1608 396 1649 se
417 1591 570 1648 eiciundum
592 1592 716 1653 videtur,
740 1608 820 1664 quum
841 1597 871 1652 4,
893 1599 909 1650 5
932 1598 959 1646 et
988 1590 1050 1664 quia
1070 1585 1165 1649 Ρ3111112
1184 1593 1237 1651 soli

138 1693 238 1751 snittunt.
285 1696 386 1751 Contra
415 1693 500 1750 eiusd.
528 1711 586 1768 cap.
614 1700 632 1753 4
658 1701 803 1768 postquam
833 1709 911 1762 sum,
941 1692 1012 1766 qued
1040 1696 1182 1752 commode
1209 1696 1237 1752 in

140 1798 251 1855 sertore
277 1796 358 1873 primi
388 1797 497 1870 generis
526 1794 628 1851 familia
658 1802 847 1852 conservatum
871 1803 926 1857 est,
950 1795 978 1853 in
1000 1797 1052 1850 sim
1072 1806 1236 1872 corruptum

140 1893 180 1958 trit
195 1908 215 1955 et
233 1908 325 1958 contra
348 1897 510 1954 senteutiam
533 1895 646 1953 inlatum
668 1915 742 1960 esse,
773 1905 826 1952 tum
855 1905 978 1970 apertum
1003 1907 1058 1960 est.
1086 1908 1117 1955 ut
1140 1901 1181 1955 vix
1204 1901 1237 1957 dc

140 2012 161 2051 ri
178 2016 200 2056 re
220 2001 407 2076 disputandum
434 2000 565 2055 videatur.
615 1998 661 2054 Set
690 1998 772 2073 paulo
800 2007 864 2072 post
892 2002 962 2066 mci,
987 2017 1048 2056 cum
1074 2000 1238 2075 paucissumi

141 2097 281 2172 tituendae
303 2110 384 2160 notae
408 2102 469 2158 libri
494 2102 521 2158 in
543 2118 577 2157 co
599 2101 731 2157 vocabulo
751 2101 867 2165 varient,
897 2100 973 2157 nullo
996 2101 1076 2158 modo
1099 2103 1238 2178 expellun-

142 2197 183 2258 iun
203 2206 311 2268 ridetur,
339 2222 401 2261 cum
429 2204 590 2279 praesertim
619 2209 659 2260 vis
688 2203 817 2278 quaedam
845 2203 924 2266 insit,
956 2203 1057 2278 quippe
1091 2206 1126 2260 ita
1153 2205 1239 2263 Sallu·

98 2302 102 2313 '
142 2302 268 2365 dedicat
295 2324 324 2363 se
361 2306 505 2364 consilium
536 2323 639 2362 summa
667 2306 748 2362 animi
777 2303 917 2362 voluntate
944 2314 1052 2380 captum
1086 2309 1240 2365 mutavisse,

141 2397 197 2463 tito
217 2410 365 2485 suspectius
397 2419 439 2466 est
468 2424 547 2482 pron.
573 2425 647 2482 poss.
671 2416 734 2470 itt),
757 2415 774 2470 3
802 2425 859 2480 qua
887 2410 967 2478 opud
994 2424 1086 2465 merim
1114 2414 1240 2468 animum

141 2505 291 2569 1111111111
315 2518 367 2572 est.
390 2510 518 2585 quoniam
542 2509 578 2565 ibi
606 2510 633 2564 in
655 2508 794 2583 plerisque
814 2509 1050 2567 libristurbatuin
1073 2520 1128 2577 est,
1157 2521 1184 2570 at
1207 2514 1240 2570 ab

141 2608 238 2671 sutrina
258 2610 324 2670 nibil
348 2613 448 2675 obstat.
472 2628 527 2687 quo
546 2611 635 2667 minus
659 2619 800 2684 optumum
821 2612 881 2668 cod.
900 2612 928 2673 m
950 2630 1109 2687 sepiamur:
1126 2617 1175 2672 cir.
1199 2622 1239 2680 ll,

141 2710 251 2772 limina
273 2732 334 2771 meo
356 2717 524 2770 seriumne.
568 2712 669 2769 Contra
689 2720 737 2776 85.
762 2719 794 2773 it
823 2731 862 2770 eac
890 2718 980 2771 onisii
1006 2723 1145 2774 sententia
1168 2728 1242 2776 recte

141 2816 176 2868 nti
189 2818 287 2900 eiecisse
306 2817 372 2872 mibi
394 2817 501 2879 videor.
531 2815 658 2889 quoniam
690 2817 716 2871 in
739 2817 937 2873 vetustissuuris
961 2817 1038 2873 libris
1063 2826 1166 2877 tautum
1187 2839 1242 2878 nen

141 2919 230 2976 emilius
250 2921 382 2977 omissum
406 2927 461 2979 est,
491 2935 652 2994 quemqnam
673 2919 700 2973 iu
727 2916 850 2974 [οι-11111111
870 2920 1003 2975 censoriis
1024 2919 1086 2992 (Cic.
1109 2923 1135 2979 d.
1158 2942 1197 2979 or.
1221 2924 1242 2979 ll

140 3019 315 3082 1116111111.
338 3021 368 3076 N.
391 3022 421 3075 d.
445 3018 637 3092 trimeter
661 3021 765 3076 iurandi
788 3020 884 3091 (Beier.
908 3021 939 3076 ad
960 3021 1012 3077 Cic.
1036 3023 1061 3078 d.
1086 3024 1130 3080 ott.
1153 3025 1184 3080 lll
1201 3032 1242 3087 29,

140 3120 179 3189 llll
195 3141 337 3199 pronomen
355 3122 539 3199 possessivum
557 3120 727 3179 sollemniter
747 3122 863 3181 additur..
901 3121 1008 3179 Scilicet
1032 3125 1136 3182 lucilius
1157 3128 1242 3183 careri

138 3229 207 3290 petest.
227 3246 286 3284 enin
305 3226 449 3302 prraecedat
472 3240 524 3279 me.

196 3326 245 3403 lug.
267 3341 292 3392 5,
316 3340 332 3388 5
362 3328 454 3400 Ipitur
477 3328 602 3383 amicitia
623 3325 796 3382 Masinissae
824 3327 1003 3401 horrentque
1026 3330 1144 3386 honesta
1167 3333 1246 3387 nubis

136 3436 270 3493 ptrnsnsr't.
321 3431 371 3486 Set
396 3432 492 3502 inperi
520 3430 649 3500 ritusque
679 3432 741 3485 eius
765 3430 833 3499 finis
859 3432 932 3486 idem
958 3431 1031 3503 sirit,
1059 3439 1102 3488 set
1125 3433 1245 3506 ineptum

137 3536 172 3591 ‘tl
187 3549 264 3609 neque
288 3533 361 3609 quod
384 3552 436 3605 ego
459 3531 522 3589 olim
548 3549 601 3604 quo
625 3531 796 3586 defenderem
817 3532 1038 3605 excogitaveram,
1061 3551 1149 3607 neipie
1173 3535 1246 3608 qrrod

135 3627 224 3692 Kritrius
244 3655 333 3712 nuper
361 3636 428 3691 dixit
454 3633 614 3708 praegnanti
644 3650 725 3689 sensu
756 3636 867 3703 inperio
892 3643 978 3690 totum
999 3644 1080 3709 atque
1105 3637 1246 3693 indivisum

134 3748 221 3806 mgnum
245 3739 385 3795 Numidiae
412 3735 573 3809 significari.
606 3735 715 3810 probari
750 3743 849 3808 potest.
888 3737 984 3793 Narrat
1007 3737 1152 3793 Sallustius
1181 3738 1247 3794 nibil

132 3832 195 3901 titul
213 3841 261 3897 nisi
285 3841 453 3897 Masinissam
478 3837 612 3894 adfinem
637 3839 706 3893 vitae
734 3855 819 3910 usque
842 3836 975 3912 inperium
1000 3839 1163 3900 obtinuisse.
1187 3841 1204 3895 i.
1225 3859 1248 3896 e.

130 3939 188 3994 utta
205 3961 231 3999 re
251 3944 309 4000 eius
333 3942 467 4016 inperium
483 3939 699 3996 conlabefactum
716 3947 762 3994 aut
784 3939 939 3996 infestatum
956 3959 1024 4003 esse,
1048 3950 1104 3999 tum
1119 3944 1151 4023 ad
1165 3942 1249 3999 filium

128 4045 270 4113 pervenisse.
311 4045 365 4099 Cur
387 4051 478 4098 arrtcm
502 4041 587 4097 illud?
627 4042 680 4096 Cur
704 4032 758 4097 nou
793 4040 952 4116 simpliciter
972 4051 1036 4117 post
1058 4053 1173 4101 mortem
1191 4045 1250 4100 cius

125 4140 243 4219 Hicipsrm
271 4146 356 4203 lilium
382 4162 497 4218 regnum
527 4144 695 4200 obtinuisse?
734 4121 831 4199 'Facite
860 4145 986 4219 stiparet.
1015 4145 1041 4200 id
1066 4163 1126 4202 eum
1150 4148 1250 4203 laetum

123 4263 220 4306 temere
241 4249 313 4325 quod
336 4265 445 4323 semper
466 4247 605 4303 llasiriissa
624 4244 729 4321 populo
752 4263 864 4304 ruinario
881 4248 982 4303 airricus
1006 4247 1111 4305 luisset.
1146 4248 1250 4316 Quare

120 4349 179 4407 beer
198 4352 275 4408 verim
298 4351 377 4409 nullo
399 4350 482 4407 modo
505 4348 729 4440 praecedentibus
752 4348 853 4422 obponi
878 4359 1008 4425 pessunt;
1032 4351 1132 4407 rectius
1152 4368 1202 4424 per
1224 4357 1252 4407 et

117 4453 329 4532 adiungerentur,
353 4455 380 4513 id
403 4453 477 4530 ‹puctl
499 4451 648 4526 bojescnus
667 4451 800 4516 coniecit;
828 4461 857 4508 at
878 4454 934 4511 veri
957 4452 1073 4510 similius
1094 4461 1146 4517 est,
1168 4452 1253 4528 parti·
