2768 5010
115 382 156 449 'tt
457 405 759 451 counnurarrouou
779 406 851 450 aar.
874 406 916 451 tv.

117 562 241 636 quierem
273 561 353 619 tinem
380 562 487 620 itineris
510 563 647 636 adiungat,
675 563 773 620 merito
803 562 831 619 in
865 563 1093 638 vituperationem
1127 563 1244 622 incurret

117 665 191 738 quod
210 665 331 722 sentiens
352 663 450 739 aliquis
472 668 659 738 cisalpinam,
689 683 758 739 quae
785 667 921 740 scriptura
952 666 979 722 in
1000 666 1095 741 paucis
1118 665 1244 723 librisiu

117 776 276 824 tenuasse
297 768 404 832 ittettur,
426 768 557 825 conserit.
600 767 703 836 Quare
724 785 779 824 non
800 767 912 825 dubium
935 768 1052 830 ridetur,
1080 768 1147 842 quin
1170 787 1244 843 gram

118 870 232 927 maticus
253 871 360 944 quirlam
383 870 535 927 doctrinam
556 878 603 927 not
625 872 717 944 ittgeni
735 888 848 927 acumen
870 856 1010 928 ostentare
1031 871 1145 946 cupiens
1167 889 1244 928 unsar

118 971 222 1029 dederit
246 973 378 1030 uitiandas
400 974 574 1030 narrationis.

202 1108 258 1165 Cat.
282 1117 332 1174 58,
355 1120 372 1170 ὅ
398 1127 454 1184 queo
478 1113 508 1166 in
534 1111 594 1166 loeo
624 1125 672 1166 res
697 1115 814 1165 nostrae
836 1111 894 1165 siat
922 1118 1076 1184 suspectum
1099 1127 1155 1166 non
1178 1126 1241 1167 esse

118 1211 169 1268 nisi
200 1211 230 1271 Ql
259 1230 319 1268 crrrn
350 1205 460 1268 ΡΒΡθΙ)4
487 1211 547 1268 aliis
575 1215 604 1268 in
628 1213 794 1269 omitterent.
839 1213 903 1268 Nam
932 1220 1005 1269 recte
1032 1212 1085 1268 dici
1112 1210 1244 1269 ostendut

118 1312 180 1376 loci,
200 1313 322 1370 Caesaris
345 1314 383 1369 B:
397 1315 426 1369 G.
450 1315 471 1370 11
493 1321 540 1377 16,
564 1325 580 1374 5
608 1317 659 1387 qui
686 1332 751 1371 cunr
773 1330 813 1369 cac
834 1317 960 1386 equitum
983 1322 1011 1371 et
1032 1317 1166 1372 calonum
1186 1313 1244 1387 sup

119 1433 175 1488 quo
195 1418 224 1471 in
245 1418 305 1472 loco
332 1432 380 1472 res
407 1422 481 1473 esset
507 1424 670 1491 quantoque
698 1420 727 1472 irr
749 1417 880 1489 periculo
908 1423 935 1472 et
961 1398 1061 1473 costra
1087 1425 1115 1473 et
1136 1418 1244 1490 lenione

119 1526 147 1574 et
166 1521 318 1590 inperator
344 1527 520 1583 annotaretur,
544 1518 644 1593 quique
667 1519 760 1576 moltis
783 1517 938 1575 utiminilros
957 1519 1019 1576 lruic
1041 1517 1154 1575 Sallusti
1177 1518 1244 1575 simi

120 1619 210 1676 lomus
230 1621 283 1676 Lis.
307 1620 417 1684 11135,
440 1628 456 1682 1
485 1625 514 1678 itt
541 1637 573 1678 eo
595 1625 668 1678 enim
695 1623 823 1678 locares
844 1627 912 1677 stent
932 1628 1049 1677 nostroe
1069 1627 1100 1676 ut
1122 1620 1201 1677 uobis
1223 1652 1244 1662 -

120 1729 223 1778 auctor
243 1727 304 1780 sint.
331 1740 422 1795 raeque
443 1727 517 1780 euim
541 1726 741 1781 marculiscus
763 1724 872 1779 abeatis
895 1724 962 1779 ltine
983 1724 1139 1780 deliberari
1158 1730 1244 1794 potes

119 1824 177 1892 Qua
194 1842 224 1881 re
240 1826 367 1883 iudicium
384 1827 443 1883 iude
466 1827 573 1902 pendet,
595 1827 651 1882 utri
672 1826 795 1883 codicum
816 1813 910 1899 genteri
933 1825 996 1900 plus
1019 1824 1193 1881 tribuendum
1217 1824 1243 1881 si

98 1940 171 1983 'ricc
199 1936 287 1985 tamen
315 1928 381 1984 illoti
407 1929 518 1986 dubium
548 1929 613 2004 quin
642 1931 671 1983 in
693 1927 813 1984 arltlitum
839 1946 919 2004 quam
940 1928 1069 1984 omissum
1091 1944 1153 1983 esse
1175 1926 1243 1984 creti

119 2027 201 2086 bilius
219 2031 264 2086 sit.

205 2168 260 2224 Cat.
287 2175 329 2231 so,
355 2176 365 2227 t
390 2169 519 2225 omnibus
541 2168 627 2224 rebus
647 2167 809 2238 exploretis
828 2165 960 2223 Linterus
980 2167 1066 2224 relus
1084 2166 1162 2223 uocis
1184 2173 1244 2228 uolt

119 2270 166 2325 sit.
208 2274 245 2325 nt
268 2272 388 2344 quamvis
418 2269 480 2327 Sall.
502 2248 559 2344 lug.
584 2275 632 2330 46,
657 2276 673 2329 6
700 2271 859 2340 explorare
879 2271 990 2335 omnia,
1018 2276 1066 2332 90.
1093 2278 1109 2328 5
1132 2269 1244 2327 omnibu

101 2375 290 2444 *exploratis
310 2381 351 2435 93,
374 2380 390 2433 5
414 2374 576 2444 exploratis
594 2372 723 2427 omnibus
744 2369 885 2443 scripserit
906 2368 979 2443 (lug.
1002 2378 1051 2431 53,
1074 2375 1089 2429 'l
1125 2386 1187 2425 rem
1209 2384 1244 2429 εει

117 2477 312 2547 ρΙοναυίςεεηὶ
329 2474 466 2531 divorsum
484 2474 545 2547 cst).
566 2482 652 2529 tamen
677 2473 703 2528 in
725 2473 811 2529 rebus
828 2490 861 2527 eo
877 2474 967 2529 minus
991 2471 1196 2530 oblentlundum
1211 2490 1243 2531 es

122 2578 194 2652 quod
224 2578 340 2633 tortasse
371 2576 515 2632 Sallustius
552 2576 702 2649 exprimere
730 2573 815 2630 voluit
839 2574 976 2630 Petreium
1005 2592 1059 2630 uon
1090 2573 1180 2631 solum
1208 2574 1244 2633 lot

121 2688 245 2736 naturam
269 2688 295 2735 et
315 2678 435 2734 hostium
458 2679 549 2739 aciem,
574 2687 614 2733 set
636 2679 716 2732 etiarn
739 2676 816 2731 citius
834 2677 943 2750 generis
960 2676 1059 2732 milites
1081 2683 1244 2753 essentque

121 2781 172 2837 bus
196 2781 223 2836 iu
245 2780 313 2837 locis
334 2781 380 2854 qui
399 2780 482 2837 uoces
504 2787 640 2840 currarent,
664 2776 711 2833 ulti
736 2777 848 2834 Catilina
868 2778 1047 2860 constitisset,
1070 2778 1244 2854 exploravisst

123 2882 199 2951 Quod
212 2883 234 2939 si
257 2882 322 2938 illoti
342 2892 489 2958 propterca
507 2883 534 2938 in
555 2882 737 2956 suspicionem
754 2880 901 2937 vocandum
918 2899 1037 2944 censeas.
1061 2881 1133 2954 quod
1150 2881 1178 2937 in
1194 2881 1244 2941 dttt

123 2985 173 3041 hus
196 2985 356 3041 recentioris
377 2985 473 3041 aetatis
495 2983 572 3040 liliris
595 2983 739 3045 omissum,
766 2983 793 3055 in
813 2981 832 3036 F
852 2981 905 3038 alio
934 2983 995 3040 loco
1017 2981 1189 3040 conlocatum
1211 2998 1243 3041 es

123 3088 150 3143 in
173 3104 228 3143 uno
249 3087 364 3160 denique
385 3079 410 3141 s¹
439 3088 509 3142 locis
535 3085 680 3159 scriptum.
705 3084 829 3160 prolecto
857 3084 1001 3159 permultis
1029 3083 1167 3141 uocabulis
1196 3084 1244 3161 hat

123 3188 224 3263 scripta
247 3187 357 3245 Sallusti
379 3188 498 3262 spoliare
519 3188 617 3262 possis.
667 3188 765 3243 Contra
791 3168 1097 3261 alililrrtsssuspectom
1118 3195 1244 3267 estque

123 3290 205 3366 paulo
234 3300 297 3365 post
324 3298 386 3346 ante
408 3290 579 3362 ferentariis
599 3289 710 3362 legitor,
731 3308 748 3345 u
771 3296 798 3343 et
822 3305 883 3344 curn
905 3287 1038 3344 ablativus
1055 3288 1088 3344 tle
1109 3289 1196 3363 copiis
1214 3304 1244 3367 pr

125 3411 192 3468 quas
211 3392 312 3467 aliquid
335 3392 389 3448 (lut
410 3391 516 3467 perficit
538 3392 627 3448 dictus
647 3392 682 3448 sit
709 3391 770 3464 (rid.
801 3389 913 3465 interpr.
937 3391 971 3447 ad
998 3392 1071 3447 Caes.
1095 3390 1122 3445 B.
1142 3390 1172 3445 G.
1194 3390 1244 3465 18

122 3497 175 3552 hoe
198 3495 372 3570 exprimitur:
391 3495 461 3550 uirile
483 3494 565 3550 duces
588 3493 742 3550 ferentariis
757 3493 799 3549 usi
815 3492 950 3566 proelium
967 3493 1129 3549 conmittere
1141 3508 1244 3566 possen

123 3598 266 3654 Postremo
290 3596 409 3652 ciusdem
432 3614 490 3671 cap.
515 3596 541 3668 S.
566 3602 582 3656 6
605 3595 677 3669 qood
696 3612 795 3651 nomen
819 3594 973 3662 Catilinae,
1002 3612 1057 3668 quio
1081 3595 1168 3650 careri
1187 3592 1244 3653 null

124 3700 204 3756 modo
226 3707 327 3773 potest,
352 3698 602 3754 iu·vetrrstissumis
624 3695 702 3752 libris
725 3697 834 3752 tlisorso
856 3696 918 3754 loco
939 3696 1124 3758 corrltrcaturm
1153 3696 1180 3752 in
1203 3694 1244 3755 ulit'

125 3803 253 3858 omissum
282 3810 332 3863 est,
360 3800 388 3856 iu
409 3801 556 3874 archetypo
580 3798 645 3854 illoti
669 3798 799 3855 excidisse
823 3799 932 3874 planum
955 3806 996 3853 est
1025 3806 1107 3871 atque
1130 3806 1244 3887 apertu!

124 3903 180 3971 Qua
199 3920 228 3959 re
245 3903 430 3976 tpuaerurnlnm
446 3902 506 3964 erit,
529 3919 620 3958 annon
641 3909 703 3956 ante
720 3900 823 3975 aliquid
839 3918 968 3958 omissum
984 3901 1028 3962 sit,
1050 3917 1111 3957 curn
1132 3918 1198 3957 sane
1219 3898 1244 3967 dt

124 4005 236 4061 siderei-i
259 4004 354 4078 possit,
376 4004 441 4077 quill
462 4004 575 4060 Catilina
600 4004 695 4061 lecerit
718 4003 820 4077 ubique
841 4011 965 4061 vorsatus
987 4002 1023 4057 sit
1047 4009 1109 4057 aute
1133 3998 1244 4085 quami

125 4106 218 4163 hostes
242 4106 409 4162 incurrisset.

210 4241 266 4314 lug.
288 4249 312 4303 3,
332 4248 349 4301 3
376 4241 423 4314 qui
450 4256 480 4297 se
501 4250 564 4297 ante
590 4241 743 4314 sotipourlo
765 4243 888 4316 spurium
911 4241 1073 4304 iudicavere,
1097 4241 1204 4297 videant
1221 4256 1244 4305 ,1

125 4343 191 4398 satis
219 4343 390 4399 alletoritatis
416 4342 444 4398 in
472 4360 526 4398 uno
549 4337 581 4399 P¹
617 4343 694 4416 (narn
727 4338 752 4399 s¹
788 4342 973 4400 testimonium
1001 4342 1078 4399 nihili
1106 4342 1244 4418 putautltn

125 4452 200 4501 certe
218 4460 273 4501 nou
291 4442 355 4519 plus
376 4445 401 4500 ei
425 4443 609 4509 tribuendum,
634 4463 714 4521 quam
745 4445 951 4522 transpositioni
979 4447 1006 4502 in
1028 4439 1061 4521 g⁴
1082 4452 1113 4502 et
1132 4439 1181 4520 3⁵)
1203 4460 1244 4503 ut
