2768 5010
368 406 598 448 ursrosranvu
619 405 682 446 ms.
705 406 730 448 11
756 393 889 452 re-st.

149 557 188 617 79
213 555 332 637 [lietu.
353 559 382 614 G.
398 557 456 637 8u].
501 558 621 619 lnnrene
643 564 783 636 tarantum
806 556 896 616 animi
917 572 1063 655 auersere.

147 677 215 726 Non.
236 692 261 739 p.
279 674 313 724 87
331 693 352 727 s.
371 693 397 726 v.
415 677 527 726 insanum
539 694 588 741 pra
602 681 696 732 insane,
715 682 742 724 ut
754 681 857 725 immane
873 692 923 739 pre
941 676 1081 723 irrruuraitcr
1094 701 1127 709 -
1140 675 1201 725 sub·

63 744 144 794 iactis
162 744 252 793 hisce:
272 760 359 793 rromcu
375 749 482 809 positum
499 762 549 808 pre
573 744 701 794 aduentus.
739 744 815 792 Duas
839 758 882 792 res
906 742 958 792 hoc
981 743 1051 791 libro
1075 748 1202 792 rrarratas

63 813 149 861 tuisse
164 812 364 929 lczognorimus,
386 813 417 876 in
444 813 542 877 quibus
567 813 651 865 animi
673 811 851 861 vehementer
874 811 988 860 adsensi
1011 814 1086 870 snut,
1113 811 1145 861 fr.
1170 810 1203 861 40

63 884 91 930 et
110 880 143 929 tr.
178 888 203 930 ·.

147 981 187 1043 80
212 981 271 1062 [tir.
292 989 334 1040 78.
365 987 394 1040 G.
414 981 471 1063 34].
516 983 615 1043 Genus
645 980 797 1042 hominum
820 998 926 1058 vagum
955 988 984 1041 et
1003 984 1112 1060 rapinis
1135 1002 1202 1044 sne·

62 1088 124 1143 turn
148 1085 241 1161 magis
263 1102 350 1162 quani
374 1102 514 1234 agrepm
537 1083 672 1144 cultilius

147 1184 224 1233 drus.
240 1185 334 1234 eodem
346 1185 408 1235 loeo
421 1202 453 1234 eo
474 1200 570 1249 emquc
582 1184 632 1234 sub
644 1184 773 1235 lemmate
787 1188 869 1247 atque
888 1184 921 1232 fr.
937 1183 979 1233 67.
1009 1186 1101 1235 Verba
1115 1186 1201 1236 inisse

63 1250 90 1299 in
109 1251 294 1316 descriptione
313 1258 404 1302 terrae
423 1254 574 1311 cuiusdam,
593 1252 759 1302 verisimile
780 1252 916 1301 iudicabis
935 1252 1044 1302 conlato
1063 1253 1123 1304 loco
1142 1254 1201 1319 lug.

64 1318 104 1377 l'l,
124 1318 148 1367 li.
184 1320 339 1369 Secundum
358 1336 400 1380 ea,
420 1336 490 1384 qrrae
509 1321 543 1369 de
561 1320 716 1370 Pisidarum
736 1323 818 1385 gente
837 1322 984 1369 memoriae
1003 1321 1111 1385 prodita
1129 1328 1201 1384 sunt,

61 1386 148 1436 verba
167 1387 215 1437 illa
234 1388 260 1437 ei
279 1389 426 1438 convenire
445 1404 498 1437 non
517 1388 672 1452 negaveris.

147 1486 184 1548 81
212 1488 272 1569 [tir.
287 1497 329 1548 tt).
353 1494 382 1547 G.
401 1489 459 1570 40].
499 1492 599 1551 Genus
622 1490 710 1550 armis
730 1488 811 1549 teror
836 1496 865 1549 et
887 1491 985 1550 serviti
1006 1491 1162 1552 insolitum.

145 1589 223 1639 drus.
243 1608 269 1655 p.
287 1591 351 1640 att:
376 1593 490 1640 insolitas
512 1592 583 1640 dairas
606 1595 652 1640 rei.
695 1592 790 1641 Salast.
816 1592 885 1640 Ilist.
906 1591 933 1639 II
957 1592 1016 1640 cod.
1042 1591 1092 1642 Ga.
1130 1594 1201 1644 Idem

60 1657 131 1706 Hae.
151 1656 164 1705 I
182 1657 198 1706 4
216 1659 247 1706 A.
267 1660 303 1708 M.
333 1659 375 1708 Dc
395 1659 578 1723 Hispanorum
597 1668 680 1725 gente
699 1660 775 1708 dicta
794 1659 879 1708 tuisse
898 1659 966 1707 haut
985 1661 1165 1725 inprobabilc.

112 1824 118 1834 ,
146 1758 186 1820 82
210 1758 269 1838 [tir.
288 1767 330 1817 80.
353 1767 382 1818 u.
399 1759 456 1840 31].
499 1761 570 1820 Nan]
593 1760 696 1839 procul
718 1767 746 1821 et
768 1760 891 1820 aivusis
912 1779 947 1820 ox
970 1762 1149 1838 regionibus,

143 1861 253 1910 Charis.
273 1861 300 1910 11
319 1877 344 1925 p.
364 1861 426 1910 215:
450 1861 545 1910 Procul
562 1861 697 1911 Sallustius
719 1863 883 1911 historiarum
900 1864 940 1911 11:
960 1878 1023 1911 narn
1038 1865 1201 1927 -regioni

59 1927 124 1988 bus,
145 1927 187 1977 udi
204 1930 292 1992 Asper
312 1929 381 1992 ‘erpo
397 1933 519 1992 prolate
538 1933 593 1979 laco
613 1927 636 1993 [e
655 1932 787 1994 turpiaque
806 1929 877 1978 coni.
896 1930 995 1988 Krita]
1015 1933 1070 1978 est'.

145 2046 185 2107 83
213 2046 272 2126 [lin.
287 2053 329 2104 81.
353 2051 381 2105 G.
400 2046 457 2127 97].
494 2047 620 2108 llubinm
638 2066 674 2107 an
692 2049 720 2106 in
738 2048 830 2108 insula
853 2049 899 2115 sit,
923 2047 1001 2126 qued
1024 2048 1095 2111 Euri
1113 2055 1200 2129 atquc

58 2149 148 2209 dirici
171 2150 343 2225 superiectis
364 2148 502 2208 fluctibus
524 2148 749 2209 circumlaritnr.

143 2266 212 2315 Non.
232 2284 258 2330 p.
278 2265 341 2326 344,
369 2282 421 2330 quo
439 2270 498 2315 lma
517 2283 564 2331 pro
584 2271 650 2317 latrat
674 2267 777 2317 dictum
797 2282 857 2316 esse
877 2267 1084 2317 demonstretur.
1121 2269 1200 2318 Libri

58 2335 192 2384 eirhibent
210 2341 235 2383 ta
254 2339 400 2390 casularii,
420 2335 491 2383 unda
511 2335 577 2384 milri
596 2336 700 2384 rectius
718 2335 864 2384 ridebatur
883 2333 957 2384 efflei
976 2350 1057 2399 posse
1076 2352 1109 2384 aa
1127 2340 1151 2385 ia
1164 2339 1200 2385 ia-

56 2407 113 2451 suta
135 2405 180 2459 sit,
205 2417 286 2466 quam
310 2402 380 2466 quod
404 2400 529 2466 plerique
554 2419 683 2466 recepere
708 2420 740 2450 aa
763 2404 844 2451 insula
866 2404 911 2451 sit.
953 2403 1006 2452 Pro
1024 2405 1113 2465 Africi
1136 2404 1199 2454 libri
1229 2454 1233 2460 ,

57 2472 154 2526 astrici,
174 2470 214 2517 dl
228 2476 324 2525 austri:
337 2484 385 2535 pro
398 2472 597 2519 circumlam'lur:
615 2471 808 2524 cirernalalritur,
827 2470 981 2520 circumtulit
993 2471 1034 2528 Iu,
1047 2474 1200 2521 circumlinit

59 2537 129 2595 cdd,
151 2553 222 2600 qnae
241 2537 397 2586 iamdudum
416 2542 491 2586 recte
511 2543 575 2585 srrnt
593 2539 750 2587 emendata.
787 2538 874 2596 (luem
893 2538 982 2587 locum
995 2537 1142 2589 Sallustius
1155 2540 1200 2590 de·

57 2605 210 2671 scripserit,
231 2619 394 2668 quamquam
413 2605 442 2652 in
460 2610 538 2653 tanta
556 2605 726 2654 obscuritate
740 2621 831 2654 errare
846 2610 928 2670 atque
945 2605 1004 2654 labi
1021 2622 1133 2671 pronum
1147 2613 1199 2667 cst,

58 2679 152 2721 tamen
169 2687 232 2720 narn
252 2673 298 2735 qui
316 2672 435 2720 inveniri
454 2673 550 2736 possit,
569 2673 597 2721 in
617 2687 695 2736 qrrem
714 2672 800 2722 rerba
818 2672 868 2722 illa
887 2673 1034 2737 quadrent,
1059 2690 1106 2739 pro
1124 2674 1200 2724 virili

58 2745 136 2803 parte
161 2739 309 2803 periculum
335 2739 490 2788 faciundum
516 2746 565 2787 cst.
607 2739 673 2789 Cura
702 2739 786 2801 igitur
806 2756 899 2789 omnes
926 2740 1054 2806 regiones
1077 2746 1105 2791 et
1128 2742 1198 2799 loca,

59 2822 128 2870 quac
147 2808 197 2855 lanc
216 2807 286 2854 libro
306 2814 509 2855 conmemoruta
524 2824 583 2854 osse
597 2808 654 2856 reri
668 2807 755 2856 siurile
771 2813 820 2861 est,
841 2808 1087 2873 circumspicerem,
1106 2811 1199 2861 iuveni

58 2875 176 2923 fortasse
196 2874 229 2922 de
249 2874 416 2937 Carthagine
436 2874 514 2921 Nova
532 2874 633 2923 dictum
652 2876 746 2923 luisse.
784 2877 825 2923 lla
846 2876 916 2923 enirn
935 2876 999 2925 urbs
1017 2877 1071 2927 sita
1090 2883 1150 2927 erut
1170 2879 1199 2927 in

58 2941 236 3005 paeninsula,
258 2942 291 2989 ab
310 2947 370 2990 ortu
390 2947 416 2989 et
435 2942 547 2990 numidio
567 2943 658 2991 uincta
677 2943 757 3000 mari;
784 2943 933 2993 continenti
957 2944 1048 3007 iugum
1067 2945 1199 2995 ducentos

59 3010 117 3058 iere
143 3015 170 3058 ct
195 3008 393 3087 qrdnqnaginta
416 3025 512 3071 passus
539 3015 636 3072 patens
660 3010 846 3074 coniungebat
865 3009 940 3071 (Isiu.
960 3011 1049 3060 xxt'l
1067 3013 1109 3062 42.
1128 3002 1199 3062 ὥστε

58 3069 108 3125 τὸν
126 3071 228 3125 λοιπὸν
246 3092 333 3125 τοπον
351 3069 432 3140 μέχρι
451 3075 501 3140 τῆς
521 3067 568 3124 lat
586 3069 698 3138 θάτερα
712 3069 868 3141 θαλάσσης,
888 3064 918 3134 ὃς
935 3074 983 3127 καὶ
997 3071 1133 3130 συνάπτει
1147 3073 1199 3145 τὴν

58 3136 141 3192 πόλιν
160 3137 230 3205 πρὸς
248 3136 301 3208 τήν
319 3133 453 3207 ἤπειρον,
477 3137 515 3208 μὴ
534 3139 621 3193 πλέον
639 3135 780 3209 ὑπάρχειν
804 3131 823 3209 ἦ
847 3143 931 3193 δυοῖν
954 3144 1080 3195 σταδίων
1102 3148 1197 3211 Polyb.

57 3212 81 3259 X
102 3210 133 3259 tu
151 3229 176 3276 p.
191 3211 240 3260 aar
260 3211 301 3260 cd.
316 3210 430 3271 Barka:
451 3212 550 3275 <puppe
571 3211 604 3261 ab
624 3212 766 3261 occidente
786 3219 913 3275 stagnum
932 3218 1001 3273 erat,
1021 3215 1157 3279 paululum
1172 3221 1199 3265 et

58 3279 92 3327 ad
111 3280 324 3343 septentrionem
345 3279 443 3337 t'usurn,
461 3279 585 3327 incertae
606 3279 755 3328 altitudinis
768 3287 914 3343 utcumque
934 3287 1079 3330 exaestuat
1092 3290 1139 3331 aut
1151 3283 1197 3332 dc·

58 3346 114 3395 licit
133 3362 215 3395 unare.
254 3348 310 3395 lana
336 3347 369 3394 de
395 3362 428 3394 ea
447 3345 546 3409 palude
566 3346 661 3408 Polyb.
687 3347 704 3395 l.
724 3364 747 3395 c.
768 3347 890 3425 scripsit:
915 3346 1066 3412 συμβαίνει
1091 3342 1122 3397 δὲ
1146 3343 1199 3414 τὴν
1229 3375 1237 3392 ι

57 3412 162 3477 λίμνην
180 3412 213 3477 τῇ
231 3407 428 3476 παρακειμένῃ
447 3405 577 3477 θαλάττῃ
595 3409 718 3474 σύρρουν
736 3428 883 3477 pepereras
901 3408 1101 3480 χειροποιήτως
1114 3409 1199 3479 χάριν

56 3479 113 3529 τῶν
132 3479 363 3543 θαλαττουργών.
384 3472 456 3528 κατὰ
476 3473 507 3528 δὲ
527 3474 579 3558 τῂν
597 3479 647 3530 τοῦ
667 3479 842 3559 διείρχονιοέ
860 3471 950 3538 αὐτας
969 3481 1080 3546 χείλους
1099 3482 1197 3533 διακο-

57 3541 116 3612 πήν
134 3544 246 3612 γέφυρα
264 3540 484 3596 κατεσκεύασται
504 3564 574 3609 προς
596 3540 627 3596 τὸ
652 3543 699 3597 καί
723 3564 758 3596 τα
781 3538 921 3612 δποζδχια
945 3545 993 3598 καὶ
1016 3542 1068 3606 τας
1084 3541 1198 3615 ἁμάξας

56 3608 145 3678 ταύτῃ
163 3616 311 3664 ποιεῖσθαι
333 3608 386 3678 τήν
403 3608 608 3679 παρακομιδὴν
626 3614 682 3663 τῶν
702 3605 732 3664 ἐκ
751 3613 801 3679 τῆς
814 3610 906 3678 χώρας
924 3605 1098 3680 οἷναχκαίων.
1130 3618 1197 3667 Cum

57 3689 147 3732 arrteru
168 3690 293 3744 staurium
314 3684 348 3730 al»
369 3683 480 3730 meridie
501 3698 560 3730 eum
580 3684 647 3732 mari
667 3681 722 3736 (rel
735 3683 824 3747 potius
837 3684 897 3731 sinu
910 3684 1003 3736 marist
1023 3686 1197 3735 coniunctum

57 3751 141 3798 titisse
162 3767 195 3799 ex
215 3751 274 3799 Livi
300 3750 391 3798 verbis
415 3753 527 3798 incertae
545 3777 579 3785 -
602 3767 671 3798 marc
696 3750 843 3813 adpareat,
869 3751 938 3813 quod
963 3757 1021 3799 arte
1039 3753 1197 3816 'perfossam

56 3818 142 3866 luisse
161 3818 255 3879 Polyb.
277 3818 412 3871 rrarrarit,
439 3817 504 3866 illud
522 3819 613 3880 iugum
634 3818 718 3866 sitisse
742 3822 953 3866 coriscntaneum
973 3823 1024 3867 est.
1061 3819 1118 3868 Iarn
1137 3820 1197 3870 Sai-

55 3885 118 3932 lnsti
134 3890 226 3934 aetate
242 3885 316 3933 fossa
331 3885 378 3932 illu
391 3885 498 3933 vitietur
516 3886 646 3949 conlapsa
667 3885 759 3939 tuisse,
776 3890 817 3933 sct
834 3885 922 3933 veritis
936 3885 970 3934 ab
984 3886 1095 3935 meridie
1108 3888 1197 3936 tianti·

40 3952 106 3999 'bus
125 3979 156 3986 —
176 3959 204 4001 et
223 3953 309 4000 nurus
329 3958 356 3999 et
375 3952 483 4000 Africus
503 3953 537 4000 ab
557 3953 669 4001 meridie
689 3952 763 4005 flant,
783 3958 825 4000 set
843 3952 888 4000 ille
908 3952 942 4000 ab
962 3952 1084 4014 Oriente,
1103 3955 1148 4003 hie
1162 3955 1197 4003 ab

55 4019 217 4075 Oecidcnte,
238 4025 264 4068 et
283 4019 333 4068 soli
353 4019 522 4067 meridionali
542 4025 623 4069 vento
637 4019 786 4082 expositum
806 4018 890 4068 irrisae
909 4020 1006 4077 simun,
1025 4022 1053 4070 in
1067 4037 1118 4085 quo
1131 4023 1197 4071 (lur-

55 4086 139 4148 tlrarro
159 4088 236 4136 Nova
255 4087 307 4135 sita
327 4092 400 4138 erat,
426 4086 555 4148 Polybius
575 4092 601 4135 et
619 4087 715 4136 Livius
734 4091 922 4135 contestantur
941 4113 982 4142 -,
1001 4087 1098 4138 fluctus
1117 4105 1198 4155 super

54 4155 146 4216 iugum
166 4156 234 4204 iacti
253 4160 281 4202 ut
300 4155 327 4201 in
346 4153 435 4201 insula
453 4154 517 4202 iubs
536 4154 646 4202 condita
664 4154 802 4203 videretur
821 4153 957 4204 effecisse.

140 4253 179 4314 St
203 4254 263 4334 [tir.
279 4261 321 4311 οο,
344 4260 374 4313 tl.
390 4254 448 4333 63].
495 4254 531 4313 Et
553 4255 646 4314 l’ooui
669 4255 768 4314 lerrrnt
790 4255 1070 4317 altrorsus*ancm.

139 4355 244 4404 amata
267 4355 337 4404 hace
362 4373 392 4404 ex
418 4355 536 4403 sectando
560 4355 629 4404 libro
648 4353 760 4404 Sallusti
783 4356 884 4405 Donat.
910 4357 944 4406 ad
968 4358 1031 4407 'Fen
1055 4357 1197 4410 Phorml

53 4423 77 4483 3,
99 4420 138 4482 19,
158 4439 210 4487 quo
228 4431 252 4472 er
271 4439 324 4472 non
343 4423 420 4473 modo
439 4423 633 4483 connexivam,
651 4428 695 4472 set
711 4423 879 4489 inceptivam
897 4424 1116 4476 coniunctionem
1135 4443 1196 4479 csse
1282 4458 1285 4465 ·
