2768 5010
118 310 137 359 ·
445 343 748 393 cosuesrserosos
769 343 841 388 cae.
862 343 906 388 iv.
1209 326 1250 392 79

151 496 213 558 etot.
232 520 282 579 cap.
305 511 353 567 to,
383 503 505 578 quamvis
532 502 750 560 interiectionem
778 500 944 577 saepissume
970 499 1003 557 ab
1030 498 1149 558 librariis
1169 520 1250 576 prave

151 600 229 662 ionum
247 624 302 664 esse
321 613 477 669 constaret,
500 613 588 663 tamen
610 623 669 663 eum
691 624 723 662 ex
744 598 823 678 P¹Gp
846 603 1028 677 recipiundam
1050 605 1122 668 duxi,
1141 623 1201 661 cum
1223 614 1251 663 et

151 704 276 765 nluuomm
297 708 464 783 scriptorum
486 708 641 766 testimonia
661 725 719 764 eam
746 706 897 769 meminent,
927 713 954 761 et
979 707 1098 779 gravitas
1121 709 1250 781 quaedam

150 804 325 867 denuntiem
345 810 496 867 adcoleret.

208 910 254 986 lug.
275 922 317 976 38,
340 919 359 972 2
379 912 459 969 multi
479 913 643 970 exstiterunt
665 911 711 986 qui
732 909 812 967 verba
832 912 873 965 ito
892 911 995 966 delicto
1011 912 1167 967 occultiora
1183 913 1250 985 sore

149 1008 297 1079 detruderent.
330 1016 384 1071 rati
413 1015 605 1072 eis‘eaussam
632 1014 746 1075 adferri,
777 1030 831 1086 qua
853 1011 982 1085 lugurtlia
1005 1011 1102 1067 nutum
1124 1013 1251 1071 Albinum

150 1117 303 1184 permovisset,
331 1118 372 1173 uti
401 1136 430 1174 se
459 1119 486 1174 in
512 1117 618 1173 abditas
648 1116 775 1190 regiones
802 1122 973 1188 sequeretur.
1012 1114 1065 1170 lam
1088 1133 1250 1190 quatnqnam

150 1230 182 1285 po
196 1234 218 1273 se
230 1218 397 1293 intellegitur
415 1222 446 1273 Α.
466 1217 556 1274 Albini
579 1236 633 1275 iton
656 1218 746 1274 minus
774 1234 854 1290 qinom
875 1215 1021 1289 Iugurthae
1041 1216 1197 1274 interfuisse
1218 1236 1251 1275 ue

149 1314 214 1374 delicta
232 1321 389 1395 patefierent
408 1328 490 1395 atque
510 1320 717 1394 evulgarentur,
747 1327 834 1374 tamen
855 1336 944 1393 neque
963 1318 1029 1375 illud
1055 1319 1108 1376 dici
1129 1337 1252 1377 neeessa-
1312 1340 1317 1349 ·

150 1416 257 1478 oculuit
279 1454 317 1465 -
342 1442 406 1498 spes
427 1423 561 1498 pactionis
584 1423 601 1478 i.
624 1440 648 1478 e.
668 1421 796 1497 pecupiae
816 1420 963 1495 capiundae
986 1420 1039 1492 (37,
1058 1420 1085 1494 3)
1107 1423 1174 1479 satis
1194 1441 1252 1479 mo·

150 1518 201 1576 out
215 1526 321 1590 tultum,
350 1534 382 1582 nt
405 1543 501 1583 caecus
528 1523 642 1599 periculi
672 1523 714 1579 sui
737 1522 943 1579 oblivisceretur
964 1542 1052 1598 neque
1075 1523 1135 1580 aliis
1158 1525 1252 1582 incita·

150 1625 216 1681 uentis
226 1636 317 1700 egeret
341 1658 378 1669 -
402 1636 430 1685 et
452 1628 611 1684 obscuriora
634 1634 698 1682 sunt
720 1624 808 1687 rerba,
831 1625 959 1699 (pultarium
979 1626 1078 1699 qtiilius
1102 1626 1251 1684 occultiora

150 1720 213 1781 letan
228 1728 324 1786 luerint
341 1729 491 1804 quaeritur.
533 1728 565 1784 Et
595 1729 641 1802 qui
663 1726 767 1802 sperari
791 1727 895 1801 potnit,
924 1728 996 1801 quood
1019 1729 1186 1802 inspectante
1208 1747 1252 1785 ea·

151 1826 209 1883 tuito
224 1829 305 1894 fieret,
328 1832 435 1889 etiamsi
458 1831 486 1887 in
507 1831 605 1888 abditis
628 1829 795 1902 regionibns,
818 1826 956 1885 occuitum
978 1830 1047 1898 sore,
1070 1830 1168 1887 Borrine
1184 1831 1251 1887 niltil

150 1935 281 1989 tuttncerta
301 1934 442 2006 cognitum
471 1933 524 1988 iri‘l
567 1933 741 1987 Rementem
763 1931 883 1994 conticit,
913 1932 985 2005 qtiod
1007 1932 1144 2005 scriptura
1172 1941 1252 2008 optu-

152 2029 185 2084 uis
199 2036 350 2092 testimoniis
370 2036 468 2091 tratlita
481 2035 570 2106 suere
591 2042 641 2090 est.
678 2032 762 2101 Quam
784 2033 806 2088 si
831 2041 931 2095 teneas.
949 2051 1005 2090 non
1026 2033 1112 2089 resulto
1130 2035 1252 2091 acumine

152 2144 253 2200 orsest,
276 2146 305 2193 ut
327 2155 359 2194 ea
382 2137 462 2194 rerba
484 2136 657 2210 glossematis
675 2137 791 2209 speeiem
814 2153 878 2209 prae
901 2154 930 2192 se
952 2136 1023 2192 ferre
1047 2135 1198 2208 intellegas.

208 2235 255 2310 lug.
276 2245 326 2301 40,
346 2247 364 2301 3
392 2239 441 2294 Set
461 2241 562 2311 plebes
593 2239 759 2295 incredibile
787 2244 945 2294 memorato
969 2244 1012 2294 est
1036 2255 1123 2310 qarom
1144 2241 1253 2295 intento

151 2328 213 2399 sorti
235 2349 399 2414 quaestuque
426 2343 455 2397 oi
478 2343 653 2413 ropetiooem
682 2341 799 2396 iusserit
826 2340 891 2415 quin
918 2339 1037 2397 liritzius
1065 2340 1145 2396 rerba
1170 2340 1252 2414 volgo

151 2433 212 2493 ruta
230 2444 387 2500 decreuerit
414 2444 535 2499 voluerit
560 2444 619 2499 iure
647 2461 678 2498 ac
704 2443 802 2498 merito
827 2442 970 2506 deleverit,
1003 2460 1082 2499 neruo
1108 2442 1251 2505 dubitabit.

150 2551 192 2592 ‘tto
206 2560 267 2601 nune
287 2553 396 2601 constet
419 2546 629 2602 vetustissumos
657 2553 685 2600 ct
713 2552 842 2618 optumos
864 2544 949 2601 libros
972 2563 1052 2601 triano
1077 2545 1196 2619 scriptos
1222 2562 1253 2602 ea

151 2652 188 2695 eoa
203 2643 304 2710 holere,
333 2656 361 2703 et
389 2646 468 2704 facile
491 2648 619 2723 adpareat
646 2646 774 2703 librarios
797 2645 907 2701 verbnm
929 2647 979 2703 sibi
1002 2649 1091 2704 attioris
1112 2649 1252 2720 cognitum

151 2738 191 2804 ton
208 2754 285 2805 tamen
309 2750 366 2819 top.
384 2754 431 2811 73.
452 2756 477 2812 7.
501 2757 543 2813 84.
561 2759 584 2809 1.
608 2758 651 2811 85.
674 2748 716 2820 lt)
740 2747 937 2806 inlustrandum
963 2758 1044 2823 atque
1067 2748 1252 2824 explicandum

150 2851 236 2911 ttltsse

208 2950 246 3006 Set
266 2954 334 3009 mira
356 2954 471 3026 qtiadam
493 2962 568 3010 sorte
587 2954 692 3012 accidit.
713 2960 745 3007 ut
766 2955 812 3027 otri
835 2951 919 3009 multa
935 2952 995 3009 aliis
1015 2954 1079 3009 viris
1100 2956 1187 3011 doctis
1209 2973 1254 3013 sn·

148 3057 214 3118 walt
230 3055 403 3118 defenderint,
427 3057 485 3130 ipse
506 3056 558 3111 alia
581 3057 711 3112 advorsus
734 3053 900 3112 relicuorum
922 3056 1057 3112 editorum
1078 3065 1188 3113 nostrae
1210 3075 1254 3113 ae·

147 3150 193 3206 ¹³¹ss
209 3158 361 3213 senteutiam
391 3157 417 3212 in
443 3158 625 3231 suspicionem
650 3175 755 3218 vocem,
784 3158 810 3213 id
836 3158 908 3231 quod
934 3158 1090 3215 testimonio
1117 3159 1183 3220 crit,
1212 3178 1253 3215 mc

145 3264 185 3307 nou
205 3275 273 3315 cana
302 3260 416 3333 ‹puatlarn
446 3260 609 3333 pertinacia,
645 3267 687 3315 set
712 3259 799 3315 liliero
828 3259 927 3316 iudicio
955 3262 1077 3318 codicum
1104 3262 1254 3335 scripturas

143 3350 266 3415 dientem.
306 3362 365 3434 lug.
388 3362 474 3435 igitur
496 3369 544 3424 et,
568 3372 577 3422 l
607 3380 700 3419 omnes
722 3379 856 3437 scripsere
885 3362 1015 3418 Ceterum
1040 3379 1100 3419 roos
1126 3368 1254 3436 portium

140 3461 296 3527 motorium
316 3472 344 3519 ct
365 3471 484 3519 seruulus
502 3464 662 3536 sectionum
684 3481 719 3519 oc
733 3466 834 3521 deinde
849 3467 972 3520 omnium
990 3468 1132 3523 anulorum
1149 3468 1254 3521 ortium

139 3565 221 3625 litteo
238 3573 303 3621 note
325 3568 410 3622 nortis
431 3566 539 3622 Boione
562 3575 643 3623 octies
669 3572 720 3623 cst.
763 3568 798 3621 tt
821 3584 881 3623 cum
904 3569 1089 3625 vetustissumi
1114 3567 1177 3624 libri
1199 3562 1252 3624 PP¹

139 3658 166 3713 al·
184 3675 320 3724 meteres
341 3667 494 3731 exliilieant,
518 3668 545 3724 in
566 3669 638 3743 qtrod
657 3686 712 3741 (μω
734 3669 815 3724 niodo
831 3677 948 3725 senatus
969 3671 1111 3746 conrnmpi
1132 3672 1254 3746 potnerit

138 3776 181 3820 tou
199 3766 369 3842 intellegitur,
392 3771 419 3827 in
440 3769 550 3828 relicuis
577 3779 667 3827 autern
695 3769 773 3826 libris
805 3771 876 3828 inter
897 3779 1061 3830 senatorum
1084 3782 1111 3829 et
1136 3781 1255 3830 senatos

137 3867 244 3927 sanatam
266 3874 312 3936 sit,
334 3891 395 3930 cum
416 3881 534 3930 semotos
557 3874 583 3930 in
598 3874 660 3930 Nan.
683 3875 777 3929 deesse
796 3874 928 3931 Gruterus
952 3883 1076 3937 testetur.
1098 3894 1158 3933 eum
1180 3877 1255 3933 deni·

134 3984 178 4041 otte
196 3972 220 4029 in
234 3992 258 4031 ιιι
279 3984 308 4032 et
330 3973 371 4032 m²
389 3978 577 4047 popularium
602 3984 630 4032 et
657 3984 775 4033 scrutatos
796 3976 830 4031 al.
854 3994 905 4032 naa.
929 3996 1011 4052 supra
1033 3979 1130 4035 lineam
1153 3980 1254 4053 scripta

133 4070 185 4133 sut
201 4084 315 4135 senatos
336 4085 412 4135 certe
430 4079 489 4134 iure
512 4087 667 4154 suspectum
686 4097 745 4136 esse
764 4097 850 4143 nenio,
874 4080 920 4154 qui
936 4081 1003 4136 artis
1022 4082 1132 4139 criticae
1150 4082 1254 4155 peritus

128 4174 166 4235 til.
186 4179 298 4251 negabit.
343 4179 420 4247 Quod
444 4180 466 4236 si
489 4190 660 4244 removetor,
682 4186 865 4254 popolonium
889 4183 1005 4257 relinqui
1029 4184 1098 4241 adeo
1121 4184 1256 4241 interularu-

126 4292 178 4335 rum
201 4280 380 4355 aequabilitas
408 4291 489 4338 vetat.
531 4284 578 4339 Set
600 4301 664 4339 nunt
691 4302 722 4340 ea
751 4285 879 4342 vocabula
905 4296 978 4343 recte
1006 4287 1095 4343 omitti
1122 4289 1255 4360 possunt‘l

122 4378 202 4454 igitur
218 4390 324 4456 portes
346 4383 380 4440 tle
401 4383 497 4460 populi
520 4387 643 4461 partibus
666 4386 739 4462 (lug.
762 4396 805 4452 43,
828 4388 857 4462 1)
877 4389 979 4447 dictum
1000 4389 1034 4446 ali
1057 4387 1168 4446 Sallusti
1191 4409 1256 4448 con·
