2768 5010
175 370 216 435 92
492 392 716 437 sternuissvu
735 395 796 435 cre.
821 395 858 435 ιιι
881 383 1013 441 72-77.

260 543 329 592 Nun.
349 560 374 609 p.
398 543 458 594 160:
478 552 562 608 aptum
580 562 677 594 rursum
696 562 836 596 restruerem
853 552 878 594 el
897 549 1038 608 coilipntum
1054 546 1191 608 sipnifical.
1223 547 1321 596 Socer·

176 612 234 661 elius
253 616 280 661 et
297 615 366 661 miles
385 619 458 663 reete
478 613 532 661 ianr
552 614 586 662 sb
606 613 684 662 lunio
703 620 731 662 et
749 614 871 662 Mercero
891 613 1040 663 emendate
1062 627 1122 662 esse
1147 613 1232 663 facile
1256 631 1320 679 per-

176 679 298 743 spicitur,
319 685 362 730 set
380 697 432 731 non
450 681 592 745 intellego,
612 697 661 730 eur
678 696 722 730 vv.
742 681 786 731 dd.
804 695 945 746 occoepere
963 681 1122 730 necessario
1140 682 1321 742 scribendum

177 762 239 796 esse
258 747 471 807 adfirmaverim,
490 764 551 798 eum
567 751 666 812 occipio
686 748 758 813 apud
775 753 885 798 veteres
903 751 1000 813 poetas
1013 748 1217 812 frequentatum
1231 751 1321 800 fuisse

177 820 294 864 constet.
331 816 391 866 lion
409 822 466 866 tarn
485 817 519 866 de
537 816 667 866 seditioso
686 816 817 875 exercitu,
838 831 916 880 quem
935 815 988 864 dun
1001 815 1104 866 irrrstra
1121 815 1157 864 sd
1170 817 1321 868 oboedien-

177 881 244 931 tiam
263 884 394 934 reducere
413 884 604 949 temptaverit,
629 885 674 946 aqi
698 884 819 944 videtur,
844 898 925 946 quum
943 883 976 932 de
996 882 1146 943 militibus,
1170 889 1321 951 postquam

177 949 246 1000 nihil
265 950 381 1016 periculi
400 968 460 1002 esse
481 952 609 1002 arbitrati
626 956 698 1012 eunt,
717 951 912 1015 neglegentius
929 951 984 1000 iam
1003 950 1232 1015 ingredientibus.

264 1088 303 1147 72
327 1087 387 1167 [lic.
404 1095 446 1144 87.
471 1090 499 1144 G.
520 1086 574 1166 ltr].
614 1088 650 1149 Ut
673 1068 964 1164 sustinerecorporn
986 1085 1118 1164 plerique
1135 1072 1322 1166 nequednles

178 1206 259 1249 arnse
277 1208 328 1249 sna
353 1191 475 1267 quisque
496 1195 605 1248 slantes
625 1187 839 1248 incumberent.
1045 1200 1048 1204 “

263 1309 340 1357 drus.
360 1324 385 1372 1).
405 1306 469 1356 235:
495 1307 613 1356 Incumbe
632 1308 698 1355 illan
715 1322 776 1355 reru.
812 1304 866 1354 Sel.
886 1306 955 1355 Ilist.
975 1306 1028 1355 111:
1052 1297 1244 1356 llt'sustinere
1263 1324 1323 1357 eor·

178 1390 246 1440 pora
264 1375 388 1438 plerique
407 1379 577 1438 nequeuntes
596 1367 672 1423 arma
690 1388 741 1422 sue
760 1373 872 1437 quisque
896 1369 1018 1439 [quisquis
1036 1372 1096 1422 cod.
1114 1370 1192 1438 Maii]
1212 1375 1323 1425 instans

177 1440 230 1508 {sic
241 1450 346 1508 rslerque
359 1445 415 1491 eod.
416 1439 433 1506 J
445 1441 626 1490 incumberet.
658 1442 733 1490 Serv.
755 1441 790 1490 ad
803 1441 884 1505 Verg.
899 1440 931 1488 A.
944 1441 984 1489 lx
996 1439 1060 1489 2⁶29:
1080 1439 1195 1491 Ostendit
1213 1445 1262 1492 ianr
1276 1458 1323 1493 eos

177 1513 297 1559 diuturne
309 1512 417 1559 statione
427 1510 560 1573 fnlipmm.
598 1508 671 1568 Quod
688 1515 769 1558 melent
785 1514 863 1561 stant.
883 1515 908 1556 el
920 1513 1019 1557 romunt
1029 1509 1107 1556 moris
1119 1516 1158 1557 est
1175 1516 1201 1558 el
1213 1509 1322 1560 bellicae

178 1579 346 1628 necessitatis.
383 1578 459 1627 Hunc
477 1585 558 1626 nutem
575 1579 664 1626 standi
679 1576 788 1625 lubitum
805 1582 830 1625 et
844 1577 979 1625 Sallustius
990 1583 1177 1635 cnmrueruoret,
1196 1582 1236 1626 uti
1252 1579 1323 1627 fessi

179 1660 256 1694 arma
279 1660 330 1694 sun
353 1646 467 1709 quisque
491 1650 597 1693 stantes
620 1644 788 1693 incumbere.
831 1643 883 1703 Qui
906 1642 962 1692 loci
985 1658 1045 1691 eum
1067 1643 1140 1692 inter
1163 1659 1193 1694 ss
1218 1644 1323 1694 divorsi

178 1713 246 1771 sint,
266 1713 381 1778 primum
400 1712 553 1776 quaeritur,
572 1718 600 1758 ut
619 1711 691 1775 apud
708 1710 832 1760 Servium
850 1716 938 1758 utrum
957 1711 1131 1775 grammatici
1151 1727 1186 1761 an
1205 1712 1323 1762 Sallusti

178 1781 222 1830 sit.
259 1779 327 1829 Cum
345 1781 430 1845 igitur
448 1779 558 1828 Servius
577 1779 664 1828 minus
688 1783 763 1828 reete
786 1793 835 1842 pro
860 1776 984 1843 exemplo
1002 1776 1091 1828 losum
1111 1779 1255 1843 scriptoris
1274 1781 1322 1829 sd-

178 1849 260 1906 ierre‚
280 1863 361 1912 qnam
379 1847 462 1896 sertis
480 1846 572 1897 verbis
591 1861 647 1895 rein
665 1846 852 1895 demonstrare
870 1845 1009 1905 videatur,
1029 1853 1055 1893 ul
1069 1859 1129 1894 enm
1142 1846 1324 1896 sallustianis

178 1916 397 1981 coniungendnm
416 1920 444 1964 et
462 1914 632 1964 incumberent
650 1912 849 1962 emendandum
867 1927 928 1961 esse
942 1927 1051 1962 censeo.
1088 1912 1166 1973 Quod
1179 1915 1202 1964 si
1216 1915 1258 1963 ita
1270 1912 1322 1967 eet.

179 1998 343 2049 quemquam
362 1988 595 2032 sermentatorem
612 1979 718 2045 Vergili
737 1979 850 2029 Sallusti
869 1978 958 2030 losum
978 1996 1010 2029 ex
1024 1981 1154 2030 memoria
1172 1981 1324 2046 protulisse

177 2052 241 2101 inde
262 2052 388 2117 adparet,
413 2050 484 2114 quod
501 2065 549 2114 pro
566 2054 692 2098 sustinere
709 2063 822 2112 corpora
840 2055 993 2112 nequeuntes
1011 2047 1176 2112 simpliciter
1188 2048 1258 2111 sesai
1274 2065 1322 2114 po-

178 2120 245 2180 suit,
266 2124 358 2168 tamen
377 2123 458 2168 uteo
477 2123 588 2166 auctore
605 2122 704 2165 uenter
721 2115 889 2164 incumberent
907 2115 1029 2179 probem,
1049 2130 1083 2164 ea
1101 2131 1129 2165 re
1141 2116 1323 2180 potissumum

178 2186 275 2247 ducor,
290 2186 361 2250 quod
373 2201 428 2234 non
441 2190 496 2234 tam
510 2183 580 2248 qnod
594 2183 696 2249 singuli
707 2198 757 2248 per
769 2198 798 2232 se
812 2183 927 2246 quisque
940 2183 1002 2245 (cfr.
1018 2182 1079 2231 Ost.
1092 2180 1132 2244 37,
1147 2182 1172 2233 b.
1187 2183 1221 2233 sr.
1236 2184 1274 2234 1v
1287 2183 1322 2246 l),

179 2266 259 2319 qnam
273 2254 344 2318 qnod
356 2253 479 2319 plerique
493 2251 621 2312 iecerint,
640 2250 785 2301 dicendum
798 2251 906 2301 videtur
919 2264 987 2312 esse,
1003 2253 1032 2299 et
1043 2254 1140 2300 metens
1153 2251 1227 2316 apud
1239 2253 1322 2301 Arne.

178 2327 338 2388 conruptum
354 2325 406 2371 est.

264 2440 303 2500 73
328 2437 396 2519 [Kr.
410 2445 454 2497 89.
484 2441 514 2496 G.
531 2435 596 2516 54].
640 2437 681 2496 Ac
702 2444 765 2512 turn
789 2453 941 2504 maxume,
970 2437 1012 2496 uti
1037 2434 1111 2495 solet
1130 2437 1159 2496 in
1180 2440 1324 2497 extremis

178 2541 287 2609 rebus,
315 2539 370 2599 sibi
398 2540 522 2616 quisque
544 2538 739 2598 carissunrum
768 2536 920 2598 recordari
941 2538 1098 2615 cunctique
1117 2539 1250 2599 omnium
1272 2557 1323 2599 or·

178 2642 280 2702 dinunr
298 2641 396 2699 munia
420 2644 550 2698 extrema
569 2640 683 2716 exequi.

263 2759 332 2808 Non.
357 2774 382 2822 p.
401 2756 448 2806 bi:
472 2759 566 2815 munio,
591 2757 686 2819 officia.
729 2755 806 2805 Libri
829 2757 964 2805 reeordari
985 2756 1097 2815 vitiose,
1122 2760 1191 2805 tum:
1216 2759 1325 2809 omniunt

178 2827 292 2875 ordinum
316 2831 432 2875 extrema
454 2829 539 2890 sequi,
563 2829 667 2873 omniurn
689 2825 804 2873 ordinum
826 2829 908 2872 nereniu
930 2828 1013 2888 sequi,
1026 2823 1108 2888 ‚unde
1134 2829 1241 2873 rectum
1265 2824 1323 2875 loci

179 2892 342 2942 enrendandi
355 2893 428 2940 viam
440 2892 535 2942 lunius
552 2890 671 2951 invenit3
691 2907 742 2940 nee
760 2890 886 2940 dubitare
900 2891 1030 2940 debemus
1047 2908 1095 2955 pro
1109 2890 1218 2940 insolito
1237 2896 1324 2941 manin

177 2965 250 3026 sequi
268 2960 411 3008 restituere
436 2963 537 3023 sesqui.
575 2958 627 3019 Qui
646 2973 710 3007 vero
734 2958 916 3007 Romanorum
939 2958 1076 3007 exercitus
1094 2960 1122 3007 in
1140 2963 1248 3007 tantum
1267 2960 1322 3009 dis-

179 3027 282 3077 crimen
306 3027 421 3076 ndactus
445 3026 545 3084 inerit,
571 3031 600 3074 ut
623 3041 717 3074 omnes
740 3026 860 3089 omnium
882 3026 1005 3085 ordinum
1027 3026 1128 3075 milites
1151 3031 1324 3077 testamenta

178 3095 331 3145 scriberent
350 3101 377 3142 et
396 3093 588 3158 obsignarent,
608 3108 687 3142 nemo
706 3091 790 3143 tuelle
809 3092 951 3141 divinabit.

263 3212 301 3270 74
330 3211 397 3292 [llr.
416 3219 458 3268 til.
488 3215 517 3270 G.
534 3209 596 3291 8l].
648 3210 813 3271 liedecores
841 3209 984 3288 inultique
1011 3218 1092 3287 terge
1120 3210 1157 3271 ab
1184 3211 1325 3273 hostibus

178 3312 385 3374 caedebantur.

263 3432 349 3480 Prisc.
369 3430 407 3480 VI
426 3448 451 3495 p.
471 3429 522 3480 2¹36
544 3429 640 3480 eodem
658 3428 728 3490 loco,
748 3444 799 3493 quo
819 3430 850 3478 sr.
873 3429 903 3477 lt
921 3430 1043 3494 protulit.
1074 3430 1152 3492 Quod
1170 3430 1235 3479 libri
1253 3447 1323 3482 non·

178 3498 244 3549 nulli
264 3503 380 3564 inlidique
400 3498 543 3558 exhibent,
563 3497 589 3547 ei
607 3496 676 3546 nihil
695 3497 867 3546 tribuendum
886 3512 945 3547 esse
964 3503 1050 3564 patet.

263 3618 303 3676 75
326 3616 386 3697 [ltr.
402 3626 444 3674 ut.
468 3619 497 3674 G.
513 3614 570 3695 93].
613 3614 760 3675 Perculsis
778 3621 806 3675 et
825 3617 913 3675 errimi
932 3617 1050 3675 incertis
1072 3616 1267 3677 succurritur.

262 3736 339 3784 Arus.
359 3752 384 3800 p.
404 3735 454 3782 242
472 3750 494 3784 s.
514 3751 538 3783 v.
557 3738 669 3784 incertus
686 3735 760 3783 illitu.

264 3855 303 3913 76
328 3851 388 3935 [lic.
404 3860 445 3910 93.
470 3856 498 3910 G.
519 3851 573 3932 12].
614 3850 713 3912 lllnros
734 3859 950 3912 successerunt.
969 3926 974 3936 ¹

262 3973 340 4021 Arus.
360 3989 386 4037 p.
405 3970 469 4031 ror,
489 3972 538 4020 cir.
559 3973 571 4020 1
592 3970 648 4019 102.
678 3970 743 4020 cod.
765 3972 816 4020 Gn.
835 3979 1022 4028 successerunt,
1046 3971 1113 4020 lllui.
1132 3981 1325 4022 successerunt.

264 4091 303 4149 77
327 4089 387 4169 [tir.
403 4096 445 4146 ut,
469 4095 498 4146 ll.
515 4088 572 4169 50].
616 4088 686 4148 Fine
705 4091 857 4165 inguinum
879 4090 1085 4164 ingrediuntur
1106 4107 1196 4148 rrrare.

263 4209 340 4257 Artis.
360 4224 386 4271 p.
406 4206 468 4256 231:
488 4211 540 4269 fine
559 4210 623 4257 illius
640 4210 687 4257 rei.
723 4207 878 4272 Philargyr.
900 4207 934 4255 ad
953 4208 1034 4270 Verg.
1060 4206 1109 4255 Ge.
1130 4202 1237 4255 11153:
1264 4208 1326 4257 Mo·

178 4280 263 4326 destun
283 4279 370 4324 ‘tenens'
388 4290 437 4337 pro
446 4277 498 4337 fine
510 4277 612 4339 accipit.
642 4276 792 4325 Sallustius:
811 4275 863 4323 line
879 4275 1017 4338 inguinum
1031 4274 1221 4338 ingrediuntur
1234 4289 1324 4325 mare.

175 4345 238 4395 Non
249 4357 359 4408 prorsus
372 4341 512 4391 reiciundn
530 4342 600 4393 haee
619 4343 738 4406 suspicio
751 4343 870 4403 ridetur,
891 4342 977 4391 verbe
995 4341 1070 4390 dieta
1089 4342 1174 4389 luisse
1187 4341 1215 4388 in
1229 4342 1325 4406 pisos-

178 4411 260 4461 tionis
279 4410 351 4475 spud
370 4409 533 4473 Byzantium
552 4410 698 4460 factitatas
717 4410 900 4474 descriptione
919 4410 964 4473 (ir.
984 4407 1015 4458 tt
1036 4416 1064 4458 et
1081 4408 1133 4469 42).
