2768 5010
167 342 209 414 98
508 359 812 443 cosumnnrrouuu
836 362 906 409 car.
931 359 974 410 re.

169 533 280 582 tueutur
301 541 389 598 troque
412 521 532 579 insolens
553 523 611 579 cius
634 540 700 578 usus
723 530 780 586 est,
809 522 856 579 ubi
879 538 1042 598 praegresso
1065 539 1119 595 quo
1138 517 1205 577 illud
1228 516 1314 595 expli·

128 608 133 612 ⁵
168 635 246 683 eatur
264 626 421 700 adiungitur
446 625 508 698 (vid.
530 625 633 687 Catb.
653 631 678 686 9.
707 632 737 688 3,
760 634 785 685 5.
819 624 876 698 lug.
901 632 947 688 14,
972 633 1012 685 15.
1037 630 1100 688 rot,
1121 630 1146 682 2.
1173 623 1313 678 bladam}

169 728 222 785 Cic.
244 729 277 784 de
300 728 344 784 bu.
366 728 434 790 110,
458 734 492 788 31
512 747 538 803 p.
554 727 607 800 ts).
647 726 731 783 llulto
753 727 854 792 rectius
872 735 1028 802 suspectum
1047 725 1193 784 habebitur
1213 727 1313 792 borrae,

170 831 243 905 quod
262 830 289 885 iu
312 831 588 897 cod.‚vetustissumo
607 831 628 886 P
651 829 881 904 superscriptum,
907 829 934 884 in
958 822 1046 898 P⁴m¹t
1075 837 1138 885 ante
1165 829 1229 899 spei
1249 845 1315 883 con·

170 932 288 989 locatum
310 941 361 989 est.
406 934 494 1006 Aegre
516 933 544 989 id
565 933 607 989 via
633 932 777 1005 quisquam
799 931 977 994 desiderabit,
1001 948 1122 1004 nequea
1145 931 1236 1006 speeie
1259 930 1314 984 veri

170 1035 300 1091 abhorret
325 1034 453 1091 librarios
486 1035 537 1090 viru
563 1033 685 1091 vocabuli
714 1036 777 1106 spei
803 1035 952 1108 :tergendam
983 1033 1130 1089 arbitratos
1158 1050 1228 1089 esse.
1270 1031 1316 1087 Set

171 1146 261 1215 wmca
276 1137 342 1194 baec
357 1154 412 1192 non
432 1137 497 1192 tanti
520 1145 598 1200 stant,
615 1143 645 1192 ut
665 1136 825 1193 adiectivum
839 1135 993 1193 eiciundum
1008 1135 1140 1198 videatur,
1157 1152 1213 1191 nou
1228 1133 1316 1207 magis

172 1257 252 1314 quam
273 1240 330 1313 lug.
350 1246 397 1300 te,
419 1244 444 1296 2.
477 1267 514 1278 -
543 1237 627 1294 Paulo
649 1247 714 1312 post
734 1245 752 1300 3
772 1240 891 1306 ceteris,
917 1229 1079 1311 quamquam
1107 1236 1134 1293 in
1156 1236 1317 1292 vetustissu·

171 1343 224 1399 mis
245 1351 350 1398 tantum
374 1358 428 1417 uon
449 1339 573 1396 omuibus
601 1338 718 1413 legitur,
750 1348 906 1415 suspectum
928 1356 989 1396 esse
1010 1357 1065 1396 non
1083 1355 1169 1412 nego,
1199 1338 1318 1394 tortasse

174 1452 263 1500 tamen
282 1444 320 1500 ita
339 1441 485 1499 delendere
507 1442 675 1515 poterimus,
697 1450 728 1498 ut
749 1441 813 1498 Sall.
835 1442 953 1518 primum
981 1423 1138 1499 amicorum
1166 1440 1317 1501 notionem.

173 1545 269 1602 deinde
292 1543 412 1601 onmium
432 1543 479 1617 qui
501 1543 636 1607 adessent,
660 1543 677 1598 i.
699 1561 721 1599 e.
742 1552 904 1607 ceterorum.
927 1544 1106 1602 remotionem
1129 1557 1250 1615 urguere
1271 1559 1319 1596 vo·

173 1646 258 1703 luisse
278 1655 437 1702 statuamus.
482 1644 529 1701 Set
551 1644 638 1702 multo
660 1645 831 1718 gravioribus
859 1645 1076 1703 dubitationibus
1102 1644 1219 1702 obnoxia
1245 1652 1319 1704 sunt.

175 1765 245 1822 qtrac
265 1755 431 1821 sequuntur:
453 1748 560 1804 dicitur
581 1763 677 1804 aecum
696 1749 757 1820 ipae
779 1750 895 1804 multam
921 1741 944 1820 ¹)
967 1750 1133 1821 agitavisse,
1156 1747 1232 1804 voltu
1253 1763 1320 1802 cor·

173 1853 256 1923 poris
268 1851 385 1922 pariter
407 1855 493 1922 atque
515 1850 609 1905 animo
631 1851 738 1905 varius.
788 1849 833 1907 Sic
861 1849 985 1924 plerique
1007 1857 1089 1924 atque
1113 1849 1218 1923 optumi
1240 1847 1320 1909 libri:

175 1961 204 2008 at
233 1954 308 2009 voltu
332 1952 465 2023 corporis
485 1951 538 2007 dici
567 1951 678 2025 nequit,
707 1960 734 2007 et
761 1952 833 2008 ratio
862 1952 1028 2026 explicandi,
1058 1968 1138 2026 quiam
1158 1950 1192 2005 ab
1214 1949 1320 2006 llritzio

175 2054 347 2130 propositam
371 2053 436 2109 olim
459 2053 516 2127 ipse
539 2053 652 2127 probavi
675 2085 716 2094 -
737 2055 892 2128 genetivum
913 2053 1016 2111 nullam
1039 2053 1117 2109 aliam
1140 2050 1175 2108 ob
1195 2069 1320 2107 caussam

176 2156 332 2213 adiunctum
361 2173 436 2217 esse,
464 2155 516 2211 uisi
545 2164 576 2212 ut
596 2173 695 2229 geuus,
724 2156 803 2213 cuius
825 2165 898 2212 esset
923 2154 1028 2218 voltus,
1056 2154 1158 2211 maiore
1186 2153 1321 2227 gravitate

177 2259 266 2314 animo
286 2258 487 2331 obponeretur;
510 2256 722 2331 elr.·b'aogelsb.
746 2257 843 2314 Theor.
867 2258 892 2315 d.
915 2258 962 2314 lat.
985 2257 1024 2313 St.
1047 2275 1074 2332 p.
1096 2262 1149 2317 ate
1171 2273 1213 2328 sq.
1232 2273 1319 2311 —ea

178 2361 205 2416 in
227 2359 415 2434 pbilosopbica
435 2357 621 2432 disputatione
640 2359 733 2432 potius
755 2378 833 2433 quam
857 2362 883 2415 iu
906 2358 1021 2434 simplici
1041 2357 1198 2415 uarrationc
1229 2356 1320 2413 locum

178 2460 267 2517 babet.
309 2460 355 2515 Set
377 2460 429 2515 iam
451 2459 570 2532 antiquis
590 2461 759 2534 temporibus
780 2461 859 2517 aliam
875 2461 962 2518 buius-
978 2460 1032 2517 loci
1054 2460 1139 2517 luisse
1155 2459 1321 2534 scripturam

179 2561 349 2634 intellegitur
366 2561 435 2623 inde,
451 2561 524 2633 quod
539 2561 612 2618 Serv.
629 2562 662 2618 ad
676 2562 756 2635 Verg.
772 2564 801 2617 Α.
819 2563 861 2618 Vll
876 2570 926 2623 tot
944 2581 977 2619 ox
990 2563 1044 2618 boc
1059 2561 1121 2618 loco
1138 2560 1228 2617 atllert
1244 2561 1320 2617 volta

180 2665 327 2729 etaetatis,
350 2679 419 2734 quae
441 2662 533 2717 eadem
557 2663 651 2725 verba,
680 2681 842 2738 quamquam
865 2664 928 2721 Sall.
952 2664 1108 2720 nominatus
1130 2680 1184 2718 nou
1207 2670 1263 2725 cst,
1285 2661 1324 2717 le·

181 2772 284 2837 guntur
315 2763 384 2837 apud
414 2763 606 2839 Hieronymum
635 2765 726 2822 Coum.
755 2765 783 2821 in
808 2766 902 2822 Ezeeb.
925 2763 973 2820 lib.
1002 2765 1034 2820 111
1061 2765 1089 2820 Τ.
1116 2764 1137 2818 V
1163 2782 1190 2838 p.
1212 2769 1247 2823 85
1279 2763 1322 2819 ed.

182 2865 248 2922 Vall.
293 2864 405 2921 Etcum
426 2865 593 2922 recentiores
616 2866 677 2922 libri
700 2867 847 2942 praebeant
871 2869 949 2924 vultu
965 2870 1060 2924 colore
1082 2872 1158 2923 motu
1181 2866 1323 2937 corporis.

182 2985 271 3025 nonno
293 2974 418 3040 apertum
446 2974 488 3022 est
510 2965 611 3040 glossis
633 2968 705 3025 bunc
724 2969 813 3026 locum
835 2969 1005 3044 inquinatum
1027 2970 1104 3026 esse?
1147 2966 1216 3035 Quid
1238 2966 1326 3040 igitur

183 3068 355 3126 statuendum
375 3068 499 3124 videtur?
541 3069 636 3126 Utrum
657 3069 838 3143 glossatorem
860 3070 1052 3145 pbilosopbico
1077 3070 1193 3144 quodam
1216 3068 1325 3144 pruritu

183 3170 216 3227 ad
238 3171 314 3226 voltu
332 3169 508 3244 adscripsisse
533 3174 673 3243 corporis,
697 3188 730 3229 an
748 3172 905 3229 Sallustium
924 3172 1066 3247 scripsisse
1087 3186 1226 3244 corpore,
1251 3170 1324 3245 quod

184 3289 244 3329 curn
267 3289 299 3327 ex
320 3270 422 3345 glossis
444 3274 519 3328 voltu
537 3272 651 3331 inlatum
668 3284 751 3336 esset,
774 3293 829 3332 nou
843 3274 935 3350 potuit
959 3274 1061 3331 nonin
1083 3273 1237 3347 genetivum
1259 3288 1325 3328 eon·

185 3374 300 3431 tantari?
343 3373 455 3441 Quodsi
478 3375 646 3449 reputaveris
665 3384 768 3439 tecum,
792 3386 918 3434 constare
940 3376 991 3432 iam
1015 3374 1135 3450 antitpris
1157 3373 1326 3449 temporibus

185 3476 293 3550 glossas
315 3476 343 3532 ia
364 3476 435 3532 lrunc
456 3475 546 3534 locum
567 3476 664 3534 inlatas
687 3478 787 3542 luisse.
810 3482 905 3535 animo
928 3477 995 3534 uibil
1015 3477 1112 3535 melius
1135 3476 1258 3551 potuisse
1279 3475 1328 3532 ob·

186 3578 252 3653 poni
270 3596 351 3652 quatu
371 3595 503 3650 corpore,
525 3587 553 3635 at
575 3577 643 3635 nibil
666 3597 700 3636 eo
723 3581 783 3655 ipso
805 3582 891 3653 magis
907 3579 1071 3636 inlustrandi
1093 3578 1213 3635 librariis
1235 3594 1326 3633 ansam

187 3680 353 3755 praebuisse.
376 3688 516 3754 postremo
539 3698 618 3753 quam
646 3680 763 3755 diligens
789 3684 909 3758 scriptor
936 3682 964 3738 in
992 3680 1120 3737 membris
1147 3679 1328 3754 exaequandis

188 3781 280 3846 luerit,
303 3783 428 3857 prolecto
448 3799 491 3839 mc
513 3799 569 3838 non
590 3783 717 3841 audacius
740 3802 771 3841 ac
789 3793 899 3848 temere,
923 3792 966 3841 set
981 3784 1061 3840 iustis
1080 3783 1114 3839 de
1135 3781 1239 3840 caussis
1262 3780 1330 3838 scri-

226 3980 250 4046 l)
261 3982 342 4032 Hanc
355 3987 525 4048 optumarum
538 3981 668 4033 librorum
676 3976 747 4035 scri·
773 3985 839 4035 tiras
858 4001 894 4035 an
908 3983 1069 4051 Iugurtham
1081 3982 1175 4034 Sullae
1193 3982 1330 4045 traderem

190 4071 299 4131 ptaram
324 4068 365 4129 ei,
394 4068 465 4132 quod
489 4068 576 4119 ceteri
600 4070 747 4134 praebent,
773 4069 857 4129 baec,
877 4086 932 4121 non
944 4070 1040 4133 mrrlta,
1055 4069 1191 4134 agitavit3
1207 4073 1237 4118 at
1254 4072 1330 4118 recto

190 4155 266 4201 merita
278 4153 492 4216 praeferendam
506 4153 680 4203 existumavi.
699 4155 746 4203 Et·
773 4154 875 4203 dieitur
892 4159 997 4209 medeam,
1017 4156 1045 4203 in
1064 4169 1116 4219 qno
1130 4154 1205 4203 inest
1223 4157 1273 4202 ent
1291 4152 1332 4202 rei

192 4238 265 4285 enim
284 4237 349 4301 quid
373 4238 525 4302 agitaverit
542 4239 669 4289 ltoecbus
689 4255 745 4289 cer·
773 4241 885 4304 saepius
904 4240 999 4289 laetae
1019 4244 1067 4289 aut
1079 4239 1192 4289 maioris
1209 4237 1282 4287 modi
1295 4239 1332 4287 si·

190 4324 248 4369 tum
273 4327 328 4383 est3
357 4320 433 4370 rivilla
462 4319 519 4370 alia
542 4323 618 4386 optio
643 4324 668 4375 ci
692 4325 747 4372 iem
773 4323 916 4388 gnificatio
941 4322 1007 4387 (esa.
1032 4323 1094 4374 Cat.
1118 4324 1165 4386 27,
1184 4323 1209 4372 4.
1233 4321 1281 4386 oo,
1306 4323 1332 4371 4.

190 4403 258 4454 data
275 4405 330 4455 suit
347 4407 402 4455 nisi
419 4410 509 4455 atnam
528 4407 632 4457 Sullam
650 4409 746 4474 Iugur·
772 4409 832 4473 Iug.
855 4407 876 4471 1,
896 4408 921 4458 5.
943 4407 982 4472 lll,
1004 4407 1028 4458 l.
1047 4406 1090 4473 94,
1109 4407 1134 4459 3.
1156 4406 1213 4472 108,
1235 4406 1269 4473 l).
