2768 5010
206 334 248 397 46
549 355 852 402 conueniamonun
874 358 945 401 cnr.
968 358 1013 402 rr.

206 529 266 568 sum
287 519 316 567 et
339 508 378 565 rel
401 512 615 586 superscriptum
636 511 676 567 vel
699 514 731 569 ad
753 515 901 587 marginem
917 514 1051 571 adiectum
1071 523 1152 577 esset.
1174 513 1208 569 ab
1230 514 1347 571 librariis

206 612 276 669 falso
298 612 359 669 loco
375 613 487 670 inlatum
512 634 572 671 esse
590 616 705 690 ideoque
723 617 953 691 transponendum
973 625 1100 673 ceterum
1118 619 1191 674 levio
1211 619 1270 673 olio
1285 619 1349 673 aliia

205 718 276 773 Iocis
297 715 408 788 fateare.

706 1071 775 1150 Cap.
797 1071 843 1131 lV.
913 1032 918 1044 ι

604 1240 663 1313 De
691 1239 946 1339 glossematis.

290 1432 409 1488 Arduum
432 1450 463 1487 ac
476 1430 586 1489 difficile
609 1433 755 1506 adgredior
773 1452 851 1509 opius.
874 1436 907 1491 de
930 1435 970 1491 eis
987 1433 1055 1490 locis
1071 1433 1269 1507 disputaturus.
1289 1432 1347 1506 qui·

206 1536 256 1592 bus
272 1535 435 1609 glossemata
454 1534 480 1588 in
500 1533 610 1590 Sallusti
632 1536 712 1591 verba
734 1536 816 1593 inlata
838 1546 885 1593 aut
906 1537 960 1593 risa
982 1536 1037 1592 sint
1051 1543 1098 1593 aut
1118 1535 1275 1593 videantur..
1305 1532 1347 1589 Et·

206 1638 277 1693 enirn
299 1654 359 1693 curu
383 1635 546 1709 glossemata
575 1639 602 1692 in
624 1645 727 1694 textum
755 1638 840 1695 irrulta
869 1639 952 1696 inlata
976 1656 1037 1697 esse
1063 1638 1115 1713 ipsi
1138 1637 1202 1693 libri
1230 1635 1346 1712 prodant

206 1738 265 1811 (cir.
288 1756 341 1794 var.
365 1756 416 1795 ser.
439 1739 471 1794 ad
494 1740 549 1794 Cat.
569 1745 611 1801 20.
632 1739 667 1812 ὁ).
690 1738 751 1796 aliis
777 1738 845 1798 locis
867 1740 1104 1815 grammaticorum
1127 1748 1249 1795 veternus
1271 1737 1347 1793 testi·

205 1842 295 1897 messia
318 1840 463 1897 ostendant
487 1838 621 1912 (clr.t1at.
644 1847 686 1903 49.
706 1840 739 1913 l),
762 1860 877 1917 cumque
899 1844 1005 1901 codioes
1024 1860 1110 1919 paene
1134 1858 1230 1898 ornnes
1249 1839 1346 1897 multas

205 1943 313 2015 glossas
342 1940 504 2013 marginales
533 1950 561 1997 et
587 1941 777 2000 interlineares
806 1945 978 2007 contineant,
1003 1943 1080 2002 facilc
1106 1942 1205 2017 aliquis
1232 1944 1260 1998 in
1287 1958 1345 1999 aaut

206 2047 363 2121 opinionem
385 2044 479 2101 adduci
498 2052 605 2120 potest,
633 2052 662 2099 nt
685 2046 790 2108 ortiuia.
819 2047 917 2120 quibus
945 2046 1038 2121 aliquo
1064 2046 1145 2102 niodo
1168 2045 1241 2102 salva
1263 2053 1344 2119 atque

206 2149 312 2222 integra
333 2147 468 2204 seirtentia
489 2147 575 2203 careri
597 2165 678 2220 posse
702 2148 837 2210 videatur,
861 2149 985 2205 eicinnda
1007 2155 1132 2212 censeat;
1154 2155 1197 2203 set
1219 2146 1247 2203 in
1264 2164 1296 2201 ea
1316 2162 1345 2201 rc

205 2245 301 2323 artigua
313 2251 403 2308 cautio
416 2248 565 2305 adhibenda
578 2258 628 2311 est,
648 2266 681 2305 ne
697 2266 728 2304 er
740 2250 923 2323 praeiudicata
935 2251 968 2306 de
984 2249 1127 2325 scriptoris
1140 2249 1272 2305 brevitate
1285 2247 1343 2321 opi·

203 2354 284 2410 aione
297 2352 388 2427 potius
400 2368 480 2424 ‹puam
489 2369 521 2407 en
532 2351 590 2407 cias
602 2367 664 2405 vcra
677 2350 766 2407 indole
779 2370 809 2408 ac
824 2370 899 2408 urere
911 2351 1029 2409 iudicare
1042 2352 1185 2407 videamur.
1209 2348 1294 2417 Quam
1309 2346 1344 2405 ob

203 2472 325 2511 caussam
347 2453 454 2511 codices
472 2452 621 2526 diligenter·
641 2454 818 2528 perqainendi
842 2463 914 2511 sunt.
950 2455 1016 2511 Cum
1032 2461 1123 2510 autem
1139 2450 1201 2509 aliis
1216 2452 1244 2507 in
1263 2450 1344 2507 rebus

204 2558 414 2611 vetuistissumos
433 2554 520 2610 libros
543 2570 691 2610 maxumam
714 2556 792 2611 lidern
816 2574 920 2613 merere
941 2556 1084 2630 adpareat,
1112 2554 1138 2611 ei
1166 2553 1204 2609 ibi
1234 2569 1343 2628 quoque

205 2658 335 2731 sequendi
351 2663 440 2718 errant,
455 2656 501 2711 ubi
518 2656 591 2729 qarod
606 2657 772 2714 recentiores
788 2659 924 2721 enliibent,
941 2676 996 2714 nou
1012 2658 1090 2733 peius
1104 2674 1165 2712 esse
1184 2656 1345 2712 inveniatur.

289 2758 366 2815 bulla
386 2765 477 2814 autem
496 2773 544 2812 ron
561 2758 646 2830 magis
663 2759 878 2817 dubitationibus
894 2760 1010 2816 oliuosia
1033 2768 1060 2817 et
1082 2759 1134 2815 luit
1151 2766 1181 2815 ct
1195 2766 1248 2821 est,
1264 2774 1345 2831 quana

206 2861 316 2916 verbum
339 2875 409 2916 esse.
455 2857 538 2926 Quam
567 2858 600 2915 ab
622 2860 752 2918 Sallustio
781 2863 889 2937 saepius
914 2880 994 2937 quam
1022 2862 1055 2918 ab
1083 2860 1143 2917 aliis
1164 2858 1346 2935 scriptoribus

206 2963 332 3018 riririssanr
354 2979 413 3017 esse
435 2978 496 3017 curri
516 2970 664 3023 constaret,
686 2963 764 3019 multi
785 2973 933 3038 praeeunte
955 2964 1048 3021 Curtio
1070 2980 1155 3037 paene
1178 2961 1280 3036 ubique
1302 2978 1347 3017 ex·

205 3063 359 3138 pellendam
381 3081 521 3120 censuere.
565 3066 601 3120 dc
624 3082 687 3120 sarm
709 3066 735 3120 in
756 3064 833 3121 libris
854 3066 946 3123 inultis
968 3066 1134 3141 saepissume
1159 3063 1346 3138 superscripta

205 3175 255 3228 est,
279 3174 307 3221 et
331 3166 505 3221 inveniantur
527 3165 587 3228 loci,
611 3166 655 3221 ubi
680 3167 706 3221 iu
729 3166 896 3224 recentiores
918 3167 1004 3224 libros
1027 3186 1059 3224 er
1084 3165 1249 3240 glossemate
1274 3166 1348 3221 inre·

205 3268 292 3341 psisse
312 3268 372 3324 iurle
396 3267 539 3342 adpareat,
568 3268 641 3342 quod
668 3269 694 3323 in
722 3270 872 3325 retrrstiore
900 3270 1085 3344 superscripta
1107 3277 1149 3324 est
1170 3276 1198 3325 ct
1220 3266 1298 3325 locus
1319 3266 1346 3323 in

204 3369 264 3425 aliis
286 3369 371 3431 alius;
393 3370 443 3427 clr.
466 3372 521 3426 Cat¹
545 3378 585 3431 19.
609 3376 633 3429 6.
656 3378 698 3433 39,
727 3380 747 3429 l.
778 3371 832 3443 larg.
856 3378 898 3433 25,
921 3379 945 3430 ⁸2·
967 3378 1009 3434 Ἠ,
1030 3380 1055 3432 3-
1077 3378 1119 3433 28,
1142 3376 1167 3430 6·
1189 3376 1234 3432 Sl,
1254 3376 1279 3429 4.
1301 3374 1346 3431 θ’),

205 3478 230 3532 b·
249 3479 296 3534 96,
317 3486 342 3530 s.
371 3481 434 3535 100,
457 3482 482 3531 5.
506 3479 571 3533 101,
595 3479 620 3530 3.
640 3478 704 3533 10⁶2,
727 3478 751 3532 6.
795 3475 829 3527 At
857 3481 945 3529 tamen
975 3473 1002 3528 iu
1023 3490 1054 3529 ea
1079 3490 1109 3529 re
1128 3488 1232 3529 saniora
1254 3470 1345 3528 cautio

204 3572 353 3629 adlubenda
375 3582 425 3629 est.
465 3574 530 3629 Cum
553 3572 624 3627 eninr
649 3573 693 3645 qui
716 3573 801 3629 libros
824 3574 887 3629 Sall.
908 3575 1016 3631 adtente
1039 3592 1070 3630 ac
1088 3573 1235 3648 diligenter
1257 3572 1346 3649 perle-

204 3676 284 3748 gerit,
308 3674 355 3730 lias
378 3675 452 3748 leges
478 3676 511 3731 ab
533 3693 566 3731 eo
588 3674 743 3732 obscuratas
766 3695 826 3733 esse
852 3676 978 3739 itieeniat,
999 3685 1030 3732 ut
1053 3674 1177 3750 copulam
1198 3675 1346 3737 omitteret,

204 3778 249 3833 ubi
263 3777 382 3833 titii-ratio
400 3777 440 3833 rel
456 3778 604 3851 descriptio
617 3779 693 3850 ‹puarsi
715 3795 813 3851 magno
830 3796 891 3835 com
907 3780 1001 3851 rigore
1017 3779 1174 3835 decurreret
1192 3807 1229 3818 -
1250 3796 1303 3852 qua
1317 3792 1347 3833 ro

204 3881 229 3935 ei
251 3880 356 3935 dicendi
378 3881 472 3953 gerreri
490 3879 585 3936 similis
610 3898 674 3936 usus
690 3891 732 3935 est
749 3879 881 3944 infinitivi,
905 3898 984 3955 (poem
1000 3880 1160 3937 historicum
1176 3878 1346 3952 gramnratici

203 3980 370 4054 adpellanere
393 4011 429 4021 —
454 3983 518 4038 item
541 3982 585 4038 obi
601 3981 701 4056 alirpiid
722 4000 782 4039 cum
804 3984 936 4057 grauitate
955 3981 1099 4039 dicurnluur
1116 3990 1189 4037 esset
1209 3979 1270 4055 (cir.
1288 3979 1346 4055 lug.

203 4090 246 4144 85,
270 4090 319 4141 22:
343 4093 449 4155 pitriolo
471 4087 528 4140 aito
551 4086 662 4141 illorum
679 4088 873 4157 praeclarior,
896 4093 975 4151 teratu
992 4084 1095 4141 lteram
1114 4085 1248 4140 socordio
1262 4084 1345 4155 stogi-

204 4187 317 4259 tipaiorr
346 4186 512 4259 saepissume
540 4187 566 4241 id
589 4187 616 4242 in
638 4186 766 4243 clausulis
791 4188 848 4243 lieri
872 4186 950 4244 facile
977 4184 1139 4259 intelleges).
1162 4184 1280 4259 denique
1298 4182 1345 4241 ubi

203 4304 253 4360 per
274 4286 429 4360 obpositunr
453 4288 577 4349 verbum.
600 4306 655 4362 quo
674 4291 755 4346 insudo
777 4290 939 4363 praecedens
958 4287 1145 4363 accipiundum
1168 4294 1255 4349 esset,
1283 4302 1344 4360 per·

204 4388 326 4462 spieuurn
350 4389 434 4450 lieret,
455 4388 534 4445 simul
556 4391 673 4463 grauitas
695 4391 877 4465 oltposrtionis
894 4392 1018 4464 adposita
1032 4389 1130 4465 copula
1147 4388 1344 4446 inminuerctur
