2768 5010
412 385 716 432 conuerrerrouuu
736 383 807 426 cnr.
828 383 871 426 ιι.
1174 362 1215 424 57

119 546 188 622 quippe
206 548 248 622 qui
266 546 331 621 qnid
348 524 458 603 senatus
478 560 601 600 maxuma
614 559 678 617 pars
692 540 844 599 censuisset
860 540 951 602 sciret,
969 547 1109 613 receptum
1125 539 1219 602 luisse,

119 650 182 704 ιιιιι
201 648 352 706 Sallustium
373 648 442 704 banc
463 645 581 704 nominis
600 643 765 728 delationem
789 643 870 717 paulo
892 643 1072 716 anteceperit‚
1102 642 1128 698 id
1151 642 1220 697 tanti

118 759 157 810 et.
179 762 205 808 ut
228 759 373 827 propterea
402 750 476 824 quod
502 748 613 805 tradidit
647 747 674 803 in
708 745 889 820 suspicionem
915 746 1061 801 vocandum
1090 745 1219 801 rideatur.

119 850 288 911 burideamus
310 852 344 909 de
367 851 453 909 altera
474 868 578 908 caussa.
622 850 687 906 Cum
715 848 800 922 igitur
829 848 890 922 lege
913 847 1111 922 praescriptum
1139 849 1223 904 luerit

119 962 139 1008 ιι
152 956 264 1013 candidati
284 954 373 1011 tribus
393 963 456 1011 ante
478 953 587 1009 curnitia
604 951 731 1009 nundinis
753 968 844 1007 coram
867 948 969 1024 populo
993 969 1022 1005 se
1043 957 1138 1024 petere
1159 969 1223 1025 pro·

119 1053 224 1115 tuom
247 1056 336 1130 (beel.
361 1057 423 1113 Αιιι,
440 1057 516 1113 Reor.
539 1054 560 1110 ll
581 1061 598 1113 2
618 1073 644 1128 p.
667 1059 700 1114 37
722 1061 750 1109 ιι
772 1051 837 1124 49).
868 1051 948 1108 rerba
976 1051 1020 1107 illa
1047 1056 1124 1125 quod
1145 1056 1223 1109 tratre

119 1157 316 1229 lmtnnordies
340 1161 478 1231 profiteri
511 1158 680 1228 raequioerot
712 1153 780 1212 nibil
811 1154 884 1210 aliud
913 1153 1066 1228 siguificare
1099 1163 1224 1229 possunt,

119 1259 153 1316 tiu
166 1263 294 1319 Catilinam
315 1278 370 1334 que
393 1261 482 1317 minus
503 1260 607 1315 trinum
630 1257 779 1314 nundinum
801 1255 868 1329 (sive
892 1274 1020 1330 praesens
1043 1257 1098 1313 sire
1116 1250 1225 1330 absens)

120 1371 193 1433 prtem
215 1362 364 1438 inpeditum
393 1363 490 1426 luisse,
519 1379 606 1434 eaque
635 1378 664 1417 re
692 1361 721 1416 L.
744 1359 895 1415 Volcatium
921 1356 1029 1414 toltum
1058 1378 1108 1434 pro
1130 1378 1225 1416 caussa

120 1478 173 1520 ιιιιι
188 1483 243 1523 esse
257 1479 309 1521 cur
326 1465 387 1521 eius
409 1481 506 1521 numen
529 1481 558 1520 se
573 1463 792 1520 renuntiaturum
811 1469 933 1536 negaret,
956 1461 983 1517 id
999 1461 1072 1534 quod
1087 1461 1225 1535 llagenius

121 1560 132 1615 l.
146 1583 163 1620 ι.
177 1585 197 1641 p.
216 1574 252 1629 83
272 1574 420 1643 propterea
439 1566 478 1623 sic
497 1565 652 1622 institutum
673 1582 733 1621 esse
754 1564 868 1626 cerrsuit.
893 1581 925 1620 ne
944 1563 1058 1619 Catilina
1073 1562 1228 1620 laederetur

121 1673 177 1739 atque
192 1669 404 1726 exacerbaretur.
439 1668 486 1725 Set
507 1667 591 1741 quid?
613 1685 678 1723 num
693 1665 834 1722 Catilinam
859 1674 912 1722 taur
935 1666 1124 1740 inprudentem
1143 1667 1226 1724 titisse

122 1769 216 1828 nulildle
234 1779 290 1834 est,
320 1778 351 1824 ut
380 1787 410 1825 se
431 1777 526 1844 petere
546 1767 739 1844 profiteretur,
768 1786 828 1825 curn
852 1768 925 1841 quod
948 1766 1008 1840 lege
1030 1769 1227 1843 praescriptum
1252 1760 1258 1769 ’

124 1880 171 1925 erut
188 1872 270 1929 lacere
291 1871 473 1945 nequivisset,
501 1877 616 1945 propter
640 1869 713 1942 quod
741 1869 800 1926 iure
822 1869 847 1926 ei
869 1869 1011 1943 petitionis
1034 1879 1156 1945 potestas
1182 1890 1228 1928 ne·

125 1981 208 2039 potu.
227 1984 344 2031 nuttam
360 1973 485 2029 audacem
503 1979 584 2045 atque
602 1972 785 2047 inpudentem,
808 1980 838 2028 ut
857 1970 1009 2045 postularet
1032 1973 1070 2028 uti
1092 1972 1152 2046 lege
1173 1973 1228 2030 sol·

126 2083 207 2135 teretur.
228 2077 253 2132 in
276 2093 357 2150 quem
380 2074 563 2148 gravissumae
587 2073 614 2130 iu
641 2083 736 2131 senatu
760 2074 910 2131 sententiae
932 2073 1020 2129 dictae
1042 2077 1150 2131 essent?
1188 2075 1229 2136 Αιι

127 2177 236 2241 romulam,
259 2178 283 2232 si
306 2176 349 2232 les
372 2174 502 2231 Catilinae
524 2176 653 2250 petitioni
676 2176 806 2238 obstaret,
828 2174 1125 2248 consiliumpublicoru
1146 2177 1230 2233 deca

126 2274 291 2335 tebrbiturnm
312 2277 396 2333 luisse
419 2276 558 2352 opinaris?
592 2276 669 2344 Quod
692 2277 716 2333 si
738 2278 836 2335 Ascani
860 2278 948 2335 lecum
969 2276 1116 2351 diligenter
1139 2278 1231 2334 nobis-

126 2389 166 2433 ιιιι
184 2379 405 2456 reputaverimus.
432 2378 633 2453 prulessionem
662 2379 804 2452 petitionis
832 2396 885 2436 uon
913 2380 946 2436 de
973 2378 1112 2436 voluntate
1140 2398 1231 2438 coram

127 2479 198 2552 t⁰ptlu
214 2482 349 2541 declarata
371 2479 582 2554 intellegendam
605 2497 665 2537 esse
685 2480 746 2537 inde
760 2481 880 2555 adparet,
900 2481 973 2554 quod
992 2481 1021 2536 L.
1045 2481 1182 2540 Volcatius
1198 2485 1230 2539 ad

127 2583 233 2642 curtium
252 2582 358 2645 retulit.
380 2601 445 2639 num
466 2580 597 2638 Catilinae
618 2584 750 2639 rationem
769 2582 869 2639 babere
889 2583 1010 2645 deberet.
1034 2584 1064 2639 si
1082 2592 1232 2659 peteret.

127 2675 203 2753 bod
219 2686 317 2744 Asconi
335 2686 491 2742 testimonio
506 2683 608 2758 aliquid
625 2683 805 2745 tribuendum.
829 2684 941 2740 Catilina
959 2686 1151 2760 repetiturum
1168 2706 1232 2761 prc-

128 2777 188 2841 lmtu
204 2799 244 2845 est
265 2789 323 2845 sire
341 2786 412 2862 apud
434 2785 582 2849 consulem,
605 2786 631 2841 id
652 2786 724 2859 quod
739 2803 792 2840 non
812 2787 991 2843 necessarium
1016 2788 1099 2844 luisse
1122 2798 1233 2864 optume

128 2879 285 2947 monstravit
307 2889 496 2945 liemcule.
521 2907 546 2963 p.
573 2894 606 2948 37
622 2906 679 2961 sq,
708 2888 763 2943 sire
785 2886 953 2949 diomede,
973 2899 1015 2945 set
1036 2908 1096 2947 eum
1119 2892 1146 2946 L.
1171 2890 1233 2946 Vol·

128 2987 186 3045 titius
203 3011 233 3049 ιιι
253 2991 351 3049 eirrrsili
375 2989 509 3047 sententia
532 3007 561 3044 se
584 3006 645 3045 eum
669 2990 886 3045 renuntiaturum
908 3001 1042 3063 negasset,
1065 3011 1079 3048 a
1100 2993 1233 3067 petitione

129 3081 169 3143 ἰι
191 3093 218 3148 ab
238 3092 412 3169 professione
440 3091 510 3165 apud
539 3089 670 3164 pupulum
701 3090 815 3147 destitit.
862 3090 932 3148 Haec
960 3093 982 3148 si
1011 3095 1233 3159 consideraveris,

129 3190 233 3258 ttilest.
262 3195 336 3269 quod
364 3203 445 3267 cogat
473 3202 503 3248 ιιι
531 3191 670 3248 consulem
698 3192 767 3266 legis
788 3202 929 3268 praetextu
952 3197 1008 3256 uti,
1031 3214 1109 3269 qnam
1131 3198 1233 3253 bomini

129 3285 290 3366 ittiguissunm
312 3303 395 3369 atque
411 3293 596 3369 optumatibus
613 3295 757 3350 metuendo
782 3296 910 3352 resistcre
925 3296 1052 3353 maluisse
1068 3301 1235 3355 statuamus?

130 3399 253 3459 ιιιιιιιιιιιι
281 3415 343 3455 cum
368 3397 537 3454 nobilitatem
566 3396 818 3453 condemnationem
846 3397 976 3455 Catilinae
1004 3407 1162 3455 constanter
1191 3420 1237 3456 ro·

130 3486 186 3553 litte
205 3501 263 3558 inde
285 3501 423 3573 adpareat.
443 3499 515 3572 quod
538 3501 599 3553 dsc.
622 3517 648 3571 p.
664 3507 699 3559 90
720 3517 781 3554 enm
804 3508 917 3574 postero
939 3519 1009 3556 anno
1033 3501 1070 3557 ita
1092 3501 1235 3558 liberatum

130 3607 169 3652 tue
184 3609 292 3658 testatur
313 3610 343 3657 nt
363 3619 425 3657 eum
452 3607 609 3656 senatorum
633 3617 700 3655 rrrua
726 3600 880 3664 damnaret,
905 3619 1067 3675 quamquain
1090 3603 1237 3683 nqunnllos

130 3710 250 3763 ueram.
271 3711 354 3777 atquc
377 3704 443 3758 adeo
466 3703 494 3758 L.
513 3702 680 3775 Torquatum
698 3700 838 3758 consulem
856 3703 995 3759 citavisse
1014 3712 1122 3759 constat
1137 3700 1236 3776 (linim.

131 3791 176 3874 l'p.
192 3805 256 3878 410).
298 3805 427 3861 Videmus
448 3822 523 3876 ergo,
551 3821 601 3859 cur
622 3803 750 3860 credibile
771 3804 893 3860 videatur
914 3804 1054 3861 Catilinam
1079 3806 1150 3861 intra
1173 3805 1239 3879 legi·

131 3902 194 3961 tauros
211 3908 265 3965 dies
288 3906 412 3982 protiteri
436 3903 598 3978 nequivisse,
623 3923 710 3978 neque
730 3906 937 3980 inscriptorum
954 3908 1128 3970 testimoniis,
1152 3926 1239 3981 neque

130 3998 223 4063 ιιιιΙιιιι
239 4010 305 4084 ipsis
321 4009 469 4082 quidquam
490 4008 645 4082 argumenti
666 4007 788 4071 inveniri,
811 4007 890 4064 verba
910 4026 979 4081 quae
995 4010 1065 4083 apud
1081 4008 1239 4066 Sallustium

130 4096 228 4175 Ιιιιιιιιιιι
243 4108 301 4166 sola
323 4109 348 4165 id
372 4117 515 4166 testantur.
551 4108 619 4177 Quid
643 4117 741 4172 autem.
764 4110 787 4165 si
803 4128 832 4166 ea
850 4110 904 4167 alio
920 4112 1000 4167 modo
1017 4119 1143 4185 suspecta
1158 4114 1240 4168 sunt?

129 4199 217 4267 irinum
233 4214 304 4270 enim
326 4211 389 4267 libri
413 4212 599 4268 vetustissumi
622 4220 704 4285 atque
733 4212 837 4286 optumi
867 4230 959 4268 irrnrres
986 4214 1146 4284 nequiverit
1167 4213 1241 4269 exbi-

130 4301 180 4371 brot
195 4332 269 4388 quern
290 4314 492 4372 coniunctlrum
508 4311 664 4370 Gerlacbius
688 4312 724 4368 ita
745 4313 890 4370 delendere
903 4322 1017 4370 cenatus
1038 4321 1089 4375 est,
1110 4321 1139 4369 ut
1161 4315 1240 4371 rerba

128 4403 159 4464 lle
175 4431 221 4473 non
244 4416 357 4474 Sallusti
380 4433 468 4492 neque
491 4422 648 4473 senatorum
670 4433 731 4474 esse
750 4415 893 4479 iudicium.
923 4424 965 4472 set
986 4432 1018 4473 ιιι
1038 4423 1129 4474 mente
1150 4415 1241 4473 Catili·
