2768 5010
197 388 237 451 22
408 392 429 441 Ι
539 406 846 452 conusarnrxouuu
867 408 941 450 car.
962 409 997 451 ιι.

196 580 226 618 se
242 570 409 653 oportunum
432 562 604 626 habiturum,
634 561 676 617 sin
704 562 793 619 minus
820 563 924 620 animos
949 580 1043 621 eorum
1071 565 1249 637 cogniturum
1275 564 1342 636 (cir,

195 671 238 726 88,
263 663 299 737 4).
343 663 421 731 Quod
442 681 504 720 cum
526 665 704 721 intellexisset
720 664 869 738 lldmglmll'
880 666 941 722 erit.
965 674 1000 721 et.
1023 684 1098 739 exeg.
1123 683 1218 740 progr.
1238 666 1340 722 Trevir.

198 770 273 828 1854,
296 765 364 820 riam
386 766 545 823 emendandi
568 766 697 840 praeivit,
722 766 868 822 ostendens
893 773 920 822 et
942 767 976 824 ab
998 766 1117 824 lilrrariis
1148 767 1341 841 interpositum

196 883 271 929 esse,
301 866 348 941 qui
378 884 457 923 risum
486 866 634 941 particulae
659 869 686 923 si
708 877 771 941 pust
793 867 889 930 rerlaa,
912 868 939 924 iu
963 869 1062 944 quibus
1082 868 1241 944 experiundi
1266 869 1343 925 notio

195 976 245 1030 est,
268 967 452 1041 ignorarent.¹
475 969 557 1026 Cuius
581 987 647 1026 usus
669 968 789 1043 eparamris
811 969 916 1026 nullum
938 970 1011 1026 aliud
1033 989 1075 1045 op.
1103 970 1166 1026 Sall.
1187 970 1341 1045 exemplum

197 1069 357 1133 inueniatur,
380 1080 468 1127 tamen
493 1071 530 1126 ita
551 1071 727 1145 pervolgatas
748 1079 804 1135 est,
833 1081 862 1127 ιιι
885 1072 951 1146 quin
975 1072 1012 1128 ita
1035 1072 1081 1128 ille
1102 1072 1201 1128 dixerit
1221 1071 1343 1129 dubitari

196 1182 322 1247 nequeat.
368 1174 415 1229 Set
441 1173 562 1229 restabat
589 1175 812 1245 oportunitates,
842 1174 916 1246 quod
946 1174 1012 1229 lerri
1040 1173 1117 1230 nullo
1142 1174 1223 1230 modo
1247 1181 1344 1248 posset

196 1282 224 1330 et
247 1283 333 1330 taruco
354 1275 486 1330 librorum
502 1274 552 1330 dde
574 1275 708 1331 pruritum
731 1282 812 1330 esset.
852 1273 921 1342 Quid
943 1276 1029 1348 igitur
1043 1275 1098 1331 reri
1121 1274 1244 1357 similius*
1260 1266 1342 1349 quam

196 1376 327 1432 excidisse
350 1376 383 1433 ob
404 1375 645 1451 praepositionem,
669 1375 695 1432 id
714 1375 788 1451 quod
808 1376 858 1432 iam
879 1384 958 1433 antea
973 1377 1046 1433 viros
1060 1377 1157 1434 doctos
1174 1375 1343 1433 intellexisse

196 1478 375 1551 cognoscitur
403 1494 435 1533 es
461 1476 479 1531 Ι.
506 1476 672 1533 Rectissume
706 1477 794 1551 igitur
820 1478 873 1534 hoc
903 1477 1027 1552 probarit
1054 1477 1212 1535 Gerlacliius
1239 1478 1282 1534 ed.
1311 1477 1343 1534 lV

197 1578 282 1653 prael.
301 1597 327 1652 p.
351 1562 512 1634 llxl'lll‘extr.

283 1679 339 1753 lug.
363 1688 447 1742 53,5
475 1696 543 1753 qrrae
571 1680 598 1734 in
619 1680 713 1753 paucis
742 1688 770 1736 et
797 1680 836 1735 eis
865 1679 1047 1737 deterioribus
1072 1678 1149 1735 lilaris
1169 1681 1279 1737 inventa
1300 1690 1343 1738 est

114 1782 117 1787 ’
197 1781 333 1838 correctio
353 1780 429 1854 sessi
445 1783 570 1852 lassique
591 1788 677 1837 orarit
697 1774 733 1854 ¹),
763 1782 799 1837 ita
826 1781 944 1844 adridet,
972 1791 1002 1838 ιιι
1029 1799 1083 1838 non
1111 1782 1241 1839 miremur
1269 1783 1343 1858 epueul

197 1882 323 1958 plerique
342 1901 400 1939 eam
422 1882 574 1956 adripuere.
622 1883 657 1938 m
680 1883 801 1957 apmmris
828 1882 939 1939 mirifice
969 1901 1050 1958 saepe
1073 1883 1250 1941 scribentium
1273 1883 1342 1958 lapsi

197 1985 252 2040 sint
273 1983 381 2046 calami,
410 1993 499 2040 tamen
525 2003 579 2058 quo
609 1984 689 2040 morlo
718 1986 789 2041 lassi
811 1986 839 2041 in
868 1988 937 2040 loeti
958 1985 1101 2060 corrrumpi
1123 1986 1261 2059 potuerit,
1287 1994 1342 2042 ιιιιι

197 2085 306 2143 difficile
335 2096 377 2143 est
405 2087 436 2142 ad
469 2085 699 2160 intellegundum,
733 2094 763 2142 ut
787 2086 810 2141 si
839 2086 891 2142 alia
915 2094 1007 2161 pateat
1036 2087 1090 2149 ria,
1120 2104 1151 2142 ea
1179 2087 1276 2160 utique
1303 2087 1343 2142 iu·

197 2188 348 2262 greediunda
376 2190 420 2245 sit.
466 2188 560 2244 Numae
592 2188 676 2261 igitur
705 2188 808 2243 laetitia
840 2187 969 2243 victoriae
1001 2205 1059 2244 eam
1090 2188 1142 2243 rim
1170 2189 1198 2243 in
1224 2187 1342 2245 militum

198 2291 303 2345 anirraos
323 2291 412 2354 lralret,
436 2298 466 2346 ut
490 2291 578 2344 camaria
600 2288 651 2345 alia
672 2289 834 2363 neglegant?
872 2289 984 2346 Veteres
1000 2297 1074 2346 certe
1097 2289 1124 2345 id
1142 2290 1246 2364 opinati
1268 2297 1342 2346 suut.

198 2392 262 2447 Nam
285 2410 327 2466 ap.
351 2393 404 2447 lie.
434 2391 499 2447 xxti
522 2397 589 2451 6‚9
619 2391 648 2445 T.
672 2390 785 2446 llanlius
807 2391 962 2465 Torquatus
991 2399 1018 2447 et
1047 2409 1111 2448 eum
1137 2389 1227 2462 sessis
1254 2393 1343 2466 inquit

194 2495 354 2565 pupnoado
377 2494 513 2560 hostilius,
536 2498 594 2548 tom
618 2494 736 2548 victorio
751 2494 834 2548 loeas
854 2501 881 2548 et
897 2494 968 2563 prsis
979 2482 1128 2566 plerisp'ae
1149 2495 1293 2566 repressis
1313 2492 1343 2550 ιἰι

198 2601 297 2651 castro
326 2611 380 2651 suo
408 2601 516 2649 noctem
546 2595 585 2650 od
605 2596 813 2665 erumpendum
842 2596 961 2651 liberam
983 2595 1149 2651 doduimeat
1172 2604 1225 2651 eet.
1269 2596 1342 2651 Uude

199 2714 254 2770 epiro
276 2696 333 2752 iure
355 2715 407 2770 ega
430 2697 501 2770 apud
525 2695 684 2752 Sallustium
704 2704 767 2771 post
787 2697 911 2767 laetique
935 2697 1064 2754 excidisse
1093 2697 1133 2753 rel
1160 2695 1281 2754 victorio
1303 2696 1343 2753 ael

199 2798 271 2870 qiaard
296 2798 382 2854 simile
405 2805 477 2854 esset
500 2773 614 2853 iudicem
635 2796 752 2854 lectores
774 2806 904 2854 statuant.

272 2894 340 2971 'tue
365 2906 436 2963 55,4
455 2902 495 2955 ito
516 2917 571 2971 quo
593 2901 702 2955 clarior
720 2907 784 2956 erot
801 2916 833 2956 eo
850 2903 939 2972 mopis
958 2902 1066 2955 orarios
1082 2905 1146 2954 erct
1167 2916 1247 2955 nemo
1266 2901 1344 2974 quid·

200 3017 279 3072 apuam
304 3001 485 3075 reprehendet
507 3009 554 3058 arat
575 3001 748 3056 desiderabit.
793 3004 840 3056 Set
859 3019 920 3057 carru
941 3001 1005 3059 lacui
1031 3001 1093 3056 lilrri
1114 3016 1147 3056 eo
1169 2999 1261 3073 mosis
1281 3005 1344 3058 oni·

200 3117 263 3157 rores
284 3106 407 3171 tarasius,
430 3103 475 3159 alii
498 3120 531 3160 eo
557 3106 647 3175 sarapis
674 3105 844 3172 aetimasset,
873 3102 918 3158 alii
948 3119 980 3159 co
1009 3104 1165 3159 arrianosior
1188 3103 1343 3166 exhibeant,

200 3203 254 3258 reri
279 3221 333 3259 rum
355 3205 486 3261 dissimile
508 3206 615 3262 ridetur
638 3205 664 3260 iu
686 3205 834 3279 arelretypu
850 3202 946 3261 orrimo
964 3208 1072 3260 caroius
1092 3204 1225 3278 scriptum
1248 3206 1344 3262 luisse.

200 3305 268 3372 Quid
292 3307 364 3380 qarod
388 3310 483 3362 oairrro
504 3305 653 3380 aptissume
673 3306 806 3362 adiectum
830 3307 937 3362 ridetur
959 3307 1061 3381 quippe
1084 3323 1139 3381 qrro
1163 3306 1343 3378 significetur,

198 3404 360 3463 claritudine
381 3407 480 3463 alletelli
499 3408 616 3463 anianum
633 3424 687 3462 ιιιιιι
711 3407 811 3464 elatum
832 3417 873 3462 set
896 3416 1006 3465 carritum
1027 3416 1055 3464 et
1077 3407 1219 3483 providum
1242 3409 1342 3465 lactum

199 3525 267 3563 esse
307 3508 368 3563 dlio
390 3510 471 3566 modo
494 3507 584 3565 arriani
605 3511 714 3564 orosius
735 3509 836 3566 (lictum
860 3519 899 3565 est
924 3509 966 3565 er.
991 3510 1040 3565 ine.
1065 3515 1098 3570 75
1127 3509 1172 3564 ιιι.
1200 3526 1243 3583 ap.
1263 3512 1341 3566 dreis

199 3628 225 3683 p.
249 3616 301 3671 216
323 3611 351 3664 t.

286 3712 342 3784 larg.
365 3720 406 3775 63,
430 3716 645 3773 aceruatarum
670 3713 695 3768 iu
720 3714 839 3787 optumis
862 3713 938 3768 liluis
956 3713 1040 3773 deest,
1063 3728 1225 3786 eprarnquaru
1246 3729 1280 3766 eo
1300 3730 1339 3766 ro·

199 3812 297 3870 caludo
325 3832 417 3871 carere
444 3813 520 3870 nullo
547 3816 628 3870 ιιιιιιΙιι
654 3834 800 3889 possuums
822 3808 854 3887 ²).
904 3814 967 3870 llam
995 3833 1056 3870 eum
1082 3812 1201 3868 liritzius
1229 3814 1335 3869 nronuit

201 3915 329 3987 ιμιιιιιιιιιι
344 3933 404 3973 euru
426 3917 452 3971 iu
477 3924 535 3971 toto
554 3917 651 3991 eapite,
676 3926 731 3973 ιιιιιι
752 3916 977 3991 praecedeutilurs
999 3915 1086 3970 rerlris
1103 3916 1242 3986 orrrplr‘oro
1257 3933 1337 3987 quom

199 4018 317 4088 parebat
332 4019 435 4090 aliperus
449 4020 482 4073 de
497 4017 642 4076 erixisulatu
660 4037 749 4074 sermo
769 4027 849 4080 esset,
869 4016 946 4073 lareile
965 4016 988 4071 id
1003 4016 1162 4073 roealrulum
1175 4025 1264 4072 memte
1280 4017 1336 4073 suli¹

237 4179 267 4244 l)
296 4182 463 4233 correctoris
491 4199 550 4233 esse
576 4184 659 4234 etiam
682 4183 756 4247 inde,
783 4183 1099 4247 ramperturbationem
1123 4181 1229 4232 ordinis
1247 4183 1331 4232 verbo

202 4265 273 4329 quod
296 4267 325 4315 in
348 4269 369 4316 B
393 4283 475 4332 sarper
497 4271 607 4333 doctique
625 4269 757 4334 seriptum
783 4285 841 4319 rum
864 4269 900 4317 alr
924 4267 1021 4318 mendo
1045 4267 1104 4319 eod.
1133 4266 1165 4317 P¹
1190 4268 1333 4332 prolectam

139 4372 178 4423 ,⁸ae
202 4357 244 4400 est
262 4353 359 4410 lassate,
379 4352 502 4416 adparet.
784 4369 844 4404 esse
863 4368 969 4402 moneo.

235 4434 266 4499 2)
289 4435 328 4486 Ut
349 4436 382 4486 de
405 4436 536 4488 hocloco
554 4437 648 4488 statim
667 4437 756 4488 absol-
