2768 5010
433 361 737 404 conusnrarrouuu
761 361 832 403 cer.
857 360 903 401 111.
1203 341 1244 405 39

139 516 232 575 adtendas
252 536 353 593 quaese
374 536 406 573 ea
428 524 535 575 narrata
554 534 628 580 esse,
657 523 802 592 postquam
824 515 876 571 iam
897 522 1129 572 conmemoratmn
1150 523 1192 570 est
1214 517 1242 571 iu

136 619 234 692 petitione
257 618 417 677 consulatus
439 620 502 676 anui
529 625 564 680 62
585 618 726 675 Catilinam
755 617 892 692 repulsam
914 616 1018 674 tulisse.
1056 617 1151 692 Pergit
1174 616 1241 673 llic:

134 715 299 797 συνέπραττον
314 715 347 779 δὲ
361 708 444 801 αύτῷ
462 705 498 776 τά
510 709 644 795 μάλιστα,
668 707 703 776 τά
716 713 771 796 μὲν
786 711 819 774 ἐν
833 716 871 798 τῇ
881 704 979 797 Ῥῶμη
990 706 1007 774 ό
1019 735 1050 774 τε
1064 705 1176 787 ύπατος
1191 711 1242 775 καί

133 808 331 892 όΛεντούλοςύ
349 811 501 892 Πούπλιος
516 809 532 878 ὃ
547 806 620 896 μετά
642 808 696 896 τὴν
710 807 856 879 ὑπατείαν
870 814 903 877 ἐκ
918 818 971 894 τῆς
985 816 1140 896 γερουσίας
1157 811 1241 877 ἐκπε-

132 915 173 980 σόν
184 913 361 1004 (ἐστρατήγει
376 911 434 1001 γάρ
452 912 533 992 ὅπως
549 910 604 996 τὴν
621 920 761 999 βουλείαν
777 911 940 1004 άναλάβη),
963 908 998 977 τά
1013 909 1041 977 δ’
1059 915 1091 978 ἐν
1109 910 1241 979 Φαισού-

131 1023 182 1097 λαις,
194 1020 221 1097 ἐς
233 1013 270 1096 ῶς
284 1022 318 1083 οί
328 1022 487 1082 στασιῶται
501 1015 594 1082 αὐτοῦ
611 1019 811 1108 συνελέγοντο,
834 1013 927 1094 Γάϊός
942 1042 987 1092 τις
1004 1012 1158 1095 Μάλλιος,
1182 1021 1243 1080 τῶν

130 1144 149 1183 τε
158 1125 313 1205 πολεμικῶν
329 1116 533 1204 ἐμπειρότατος
546 1113 631 1205 (μετά
646 1115 703 1204 γάρ
716 1125 776 1186 τῶν
794 1125 848 1185 τού
873 1116 975 1184 Σύλλα
991 1122 1124 1200 λοχαγῶν
1140 1116 1241 1202 ἐστρα-

130 1220 211 1306 τεύετο)
227 1223 279 1287 καί
294 1218 582 1300 πολυδαπανῶτατος
600 1217 651 1288 ῶν.
675 1219 831 1305 σύμπαντα
843 1228 929 1308 γοῦν,
943 1216 999 1286 ὅσα
1010 1215 1073 1285 τότε
1089 1217 1241 1302 ἐκτήσατο,

128 1329 205 1407 καίπερ
227 1320 386 1407 πάμπολλα
408 1319 495 1404 ὅντα,
518 1328 619 1400 κακῶς
642 1323 853 1402 καταναλώσας
882 1326 989 1410 ἐτέρων
1011 1325 1105 1407 ἔργων
1131 1317 1242 1405 ὁμοίων

88 1434 91 1439 ’
128 1424 255 1510 ἐπεθύμει,
277 1436 305 1492 iu
327 1434 427 1509 quibus
448 1434 579 1492 uerruulla
611 1452 644 1490 cs
666 1434 729 1491 Sall.
758 1456 780 1492 c.
803 1442 838 1496 θλ
860 1445 888 1492 ct
909 1441 943 1496 25
966 1442 1073 1509 sumpta
1095 1451 1156 1490 csse
1177 1451 1242 1490 cen-

128 1535 185 1599 ιυλο,
208 1548 248 1595 set
277 1538 314 1593 ita
341 1545 372 1593 ut
399 1554 430 1593 ea
456 1536 516 1593 aliis
537 1536 693 1593 intermista
713 1537 782 1600 sint,
806 1555 875 1613 quac
897 1536 1042 1594 Sallustius
1064 1535 1164 1611 partim
1186 1553 1240 1592 nen

128 1640 225 1702 enavit,
245 1639 346 1715 partim
369 1638 512 1701 refutarit,
534 1638 617 1696 veluti
640 1639 712 1713 quod
734 1640 767 1696 dc
791 1639 820 1695 G.
844 1639 964 1697 Antonio
987 1639 1088 1696 dictum
1115 1657 1138 1695 e.
1157 1643 1199 1701 26.
1215 1644 1240 1698 4.

129 1738 184 1801 (231
203 1743 271 1816 apud
292 1742 404 1798 {lienem
425 1740 490 1798 hacc
511 1741 563 1797 iam
580 1740 727 1814 leguntur:
751 1733 1054 1817 παρασκευαζομένων
1074 1756 1130 1796 ουν
1147 1736 1240 1795 ταῦτα

129 1826 201 1898 ιέπῶν
218 1832 362 1916 μηνύεται
377 1839 419 1922 τῷ
441 1835 589 1919 Κικέρωνι
603 1832 733 1920 πρότερα
747 1836 803 1918 ’μὲν
826 1829 862 1900 τά
886 1836 917 1899 ἐν
942 1839 985 1924 τῷ
999 1832 1081 1899 άστει
1095 1831 1239 1918 γινόμενα

129 1929 161 1997 δῶ
173 1935 342 2021 γραμμάτων
365 1940 471 2017 τινῶν,
498 1930 590 2002 dciv
607 1939 661 2020 μὲν
683 1933 843 2022 γράψαντα
862 1931 918 2002 ούκ
939 1934 1061 2018 ἐδήλου,
1086 1939 1129 2024 τῷ
1150 1936 1181 2000 δέ
1203 1934 1240 2016 δὴ

129 2034 224 2127 Κράσσῳ
238 2041 287 2102 καὶ
303 2036 404 2114 ἄλλοις
419 2039 476 2102 τισλ
493 2043 550 2102 τῶν
569 2042 705 2103 δυνατῶν
727 2035 827 2121 ἐδόθη.
864 2048 941 2116 Quod
957 2047 980 2103 si
1001 2047 1087 2122 prima
1107 2045 1187 2101 verba
1207 2064 1239 2102 er

129 2142 297 2211 tilitates,
321 2158 335 2209 1
359 2148 415 2203 His
436 2149 522 2205 rebus
543 2152 712 2221 conparatis
734 2150 761 2205 in
778 2150 907 2207 Graecum
930 2166 1061 2207 conversa
1077 2148 1158 2209 dicas,
1176 2164 1240 2223 prc-

129 2244 177 2305 leto
195 2258 351 2325 expectatur
374 2251 426 2306 iam
448 2250 481 2306 de
503 2250 595 2308 Fulvia
616 2260 643 2308 ct
659 2251 739 2307 Curis
763 2261 901 2309 narratum
927 2251 969 2314 iri,
994 2258 1021 2306 at
1043 2268 1094 2325 pre
1110 2250 1149 2305 cis
1166 2248 1239 2305 sulii·

127 2347 208 2407 ututur
233 2370 301 2427 quae
324 2351 485 2408 Plutarchus
514 2353 590 2410 selus
613 2352 682 2425 (sid.
706 2353 805 2429 supra)
833 2354 885 2411 mc.
913 2373 936 2410 c.
959 2359 991 2414 16
1016 2350 1237 2409 centnemermit.

128 2446 269 2510 llntanlmm
290 2453 372 2510 eliam
395 2455 422 2509 in
443 2454 621 2529 sequentibus
642 2462 765 2512 secutum
783 2474 843 2513 csse
858 2457 978 2517 lliettem,
1002 2464 1044 2511 set
1064 2456 1101 2510 ita
1123 2462 1154 2510 ut
1171 2470 1239 2510 ιιοιι·

127 2551 177 2609 ndu
190 2555 334 2615 variaverit,
359 2556 395 2611 ita
417 2566 541 2631 apertum
563 2564 614 2620 est,
637 2566 666 2613 ut
688 2559 803 2613 acumini
827 2557 975 2632 legentium
996 2556 1119 2613 diffidere
1140 2555 1237 2619 videar,

127 2650 141 2705 si
156 2654 265 2728 plurilus
287 2673 429 2731 exponam.
472 2658 518 2715 Set
543 2659 565 2715 si
597 2660 657 2734 quis
678 2658 710 2715 ad
734 2660 924 2734 corrigendam
944 2658 1081 2745 Plutarclsi
1104 2658 1225 2733 narratio

127 2768 168 2811 mn
185 2758 290 2815 Sallusti
312 2757 434 2815 libellum
457 2760 606 2816 adhibitum
625 2778 685 2817 esse
706 2762 886 2825 contenderit,
911 2762 1038 2819 adtendat
1059 2755 1096 2817 ila
1118 2761 1237 2817 iiarrari:

126 2866 239 2933 mstqmm
261 2860 356 2917 Cicero
380 2863 498 2936 quaein
521 2862 588 2919 urlic
611 2862 720 2926 luerent,
749 2863 777 2919 in
799 2871 895 2920 senatu
918 2865 1026 2939 aperuit
1055 2854 1149 2938 δόγμα
1169 2854 1237 2918 ἐκυ-

127 2946 189 3032 ρύθη
204 2949 332 3035 ταραχήν
352 2980 381 3018 τε
405 2953 481 3018 εἶναι
505 2958 555 3020 καλ
577 2954 699 3038 ζήτησιν
721 2962 780 3021 τῶν
802 2960 904 3021 αίτίων
926 2954 1018 3039 αὐτῆς
1033 2959 1174 3042 γενέσθαι
1198 2996 1234 3006 -—

126 3056 148 3113 lt
160 3080 204 3136 que
217 3071 327 3121 senatus
343 3063 470 3121 consulto
489 3068 559 3142 apud
582 3066 645 3123 Sall.
664 3067 730 3123 nilril
750 3098 797 3131 —‚
822 3074 878 3125 tum
894 3087 954 3125 cum
976 3088 1007 3125 cx
1026 3067 1133 3125 Etruria
1149 3068 1238 3124 nuntii

126 3160 184 3220 adlati
203 3173 306 3227 essent,
330 3163 593 3240 προσεψηφίσαντο
608 3168 669 3236 τοῖς
683 3154 809 3238 ὑπάτοις
833 3160 887 3241 τὴν
909 3157 1050 3242 φυλακην
1063 3168 1115 3243 τῆς
1131 3187 1160 3225 τε
1182 3158 1235 3226 πό-

126 3258 176 3332 λεις
192 3263 236 3322 καὶ
253 3265 312 3323 τῶν
329 3255 408 3323 ὅλων
428 3260 626 3345 πραγμάτων,
648 3259 788 3347 καθάπερ
810 3262 971 3328 είῶθεσαν·
992 3265 1042 3327 καί
1064 3258 1120 3348 γάρ
1141 3260 1236 3353 τούτῳ

124 3360 153 3441 τῷ
169 3359 283 3443 δόγματι
300 3361 493 3445 προσεγράφη
509 3360 542 3428 τό
561 3359 610 3427 διά
626 3369 784 3446 φροντίδος
804 3360 912 3443 αύτούς
927 3376 1023 3448 σχεῖν,
1047 3363 1119 3431 ῶστε
1147 3370 1236 3448 μηδε-

124 3462 175 3532 μίαν
192 3457 353 3547 ύποτριβὴν
378 3469 420 3551 τῷ
445 3468 573 3554 δημοσίῳ
594 3471 762 3549 συμβῆναι,
785 3484 815 3531 ut
837 3477 861 3531 si
882 3495 913 3532 ea
935 3477 977 3532 liis
999 3495 1054 3551 que
1077 3477 1172 3533 ordine
1193 3495 1236 3533 res

124 3571 174 3640 tpud
194 3572 347 3630 Sallustium
370 3583 494 3631 narratae
519 3576 620 3632 luerint
642 3578 863 3634 constituendum
887 3597 1007 3639 censeas,
1037 3578 1103 3634 illud
1126 3586 1236 3635 senatus

123 3674 249 3732 termidum
271 3678 378 3732 darent
399 3693 515 3748 ομεναιιι
537 3686 588 3734 cet.
613 3686 676 3754 post
704 3696 735 3735 ca
756 3697 824 3753 quac
847 3680 880 3735 ab
903 3681 930 3735 L.
949 3680 1045 3737 Saenie
1069 3680 1183 3754 aliisque
1205 3699 1237 3735 es

122 3767 204 3831 ltmria
221 3777 308 3833 adlata
338 3788 402 3834 suut
429 3789 662 3837 certuremeratum
693 3781 776 3838 luisse
798 3781 960 3839 concludere
981 3782 1088 3839 delicus.
1131 3783 1166 3838 lle
1189 3783 1237 3844 eis,

122 3889 173 3945 ηυιυ
184 3888 339 3954 sequuntur,
352 3874 513 3954 γενομένου
529 3874 561 3939 δὲ
577 3873 684 3938 τούτου
698 3877 748 3938 καί
765 3880 899 3957 φρουράς
913 3871 1080 3956 πολλαχόθι
1095 3873 1237 3939 καταστά-

121 3985 161 4045 σης
172 3965 201 4033 τά
214 3975 267 4054 μὲν
282 3975 315 4037 ἐν
333 3979 375 4060 τῷ
390 3967 471 4037 άστει
487 3969 585 4039 ούκέτι
597 3977 808 4060 ἐνεωτερίσθη,
831 3972 903 4041 ῶστε
921 3978 970 4039 καί
990 3979 1037 4040 ἐπὶ
1054 3982 1239 4065 συκοφαντίᾳ

120 4062 159 4130 τόν
174 4077 322 4159 Κικέρωνα
338 4079 553 4162 διαβληθῆναι,
575 4086 622 4142 uhi
645 4105 687 4161 ap.
709 4086 867 4143 Sallustium
890 4087 1009 4160 aliquid?
1039 4088 1091 4143 nisi
1113 4088 1185 4144 lerte
1206 4107 1237 4144 ex

122 4176 161 4236 illis
179 4192 220 4247 31,
241 4192 259 4245 4
280 4189 394 4242 tametsi
410 4190 561 4258 praesidia
579 4190 783 4260 parabantur,
812 4196 859 4250 32.
886 4198 896 4247 l
925 4191 960 4245 ab
980 4192 1110 4246 inccndio
1131 4192 1238 4246 intelle·

118 4283 183 4349 γιλοι
199 4290 294 4344 urbem
318 4290 418 4361 uiyiliis
438 4291 584 4351 munitum,
607 4290 700 4364 eisque
725 4309 792 4365 quae
820 4290 933 4347 tlatiliua
956 4292 983 4347 in
1007 4299 1102 4348 senatu
1124 4310 1238 4368 respon·

118 4380 174 4442 disse
191 4390 288 4447 dicitur
310 4398 354 4453 31,
370 4395 385 4451 7
404 4406 440 4446 ne
463 4393 533 4463 quid
553 4395 588 4448 dc
610 4408 640 4448 se
663 4399 767 4449 temere
790 4395 951 4462 crederent,
973 4403 1087 4452 consuta
1110 4413 1170 4452 esse
1192 4414 1238 4451 au·
1271 4424 1274 4429 ·
