2768 5010
411 397 772 461 ersrosrsuvns1s.1n
793 388 928 447 25-28.
1030 412 1033 421 .
1204 380 1246 445 69

643 508 665 531 2·
800 524 804 536 .

105 553 155 606 est,
175 548 246 614 quod
264 549 383 613 praetuli
402 553 486 600 aliseos
504 555 615 614 propter
634 551 860 600 consuetudinem
879 551 1039 601 [latinorum
1058 551 1176 603 dicendi.
1211 555 1247 604 Vt

103 622 177 665 recte
191 633 225 665 ex
238 619 305 666 Non.
321 618 442 666 additum
457 634 526 678 esse,
540 633 591 667 uec
604 620 691 667 nrinns
704 626 778 668 recte
797 619 881 668 scribi
899 625 1005 670 rnsrlcalo
1024 621 1113 685 (apud
1128 621 1242 671 Hieron.

105 684 166 733 adv.
186 685 272 734 levin.
292 685 304 734 l
323 683 356 733 48
373 686 405 733 Τ.
424 687 451 733 ll
470 701 495 750 p.
515 684 565 734 316
584 686 780 735 restituendum
798 688 927 735 naereses
944 694 1074 736 uerterunt
1091 689 1116 736 iu
1135 692 1243 738 eremita·

99 758 184 814 petam
203 759 227 801 et
246 756 309 801 anule
326 757 456 802 mellentum
475 753 549 811 [libri
569 751 719 818 errulctatum]
741 755 928 820 sapientemque
946 757 989 804 diu
1004 763 1157 819 persecutae
1173 757 1242 815 suut)

101 819 129 867 in
148 820 291 883 propatulo
311 825 361 871 est.
398 821 526 869 Dubitari
544 822 645 885 poterit
663 821 696 870 de
715 821 824 870 ultumis
843 821 949 879 verbis,
973 828 1015 871 set
1037 838 1096 871 cum
1115 825 1242 873 Arusiaui

101 886 169 935 nihil
187 887 357 947 interfuerit,
382 892 411 935 nt
435 888 525 938 omnia
548 888 628 952 plene
653 889 850 952 perscriberet,
874 890 976 938 Nonius
999 890 1033 938 ab
1051 896 1134 939 tamea
1152 890 1241 941 locum

101 954 445 1024 conmemoraverit,1quod
459 956 492 1004 ad
507 955 564 1004 eius
578 956 660 1005 libros
678 973 806 1021 proxnme
824 957 942 1016 adsedit,
961 957 1166 1007 rescribundum
1179 974 1241 1010 osse

100 1021 185 1071 facile
204 1023 328 1088 adparet.

185 1139 247 1199 *25
271 1140 330 1221 [lie.
344 1148 386 1199 29.
407 1145 436 1199 G.
453 1140 511 1221 61].
555 1142 598 1202 b'e
620 1142 744 1220 simplici
766 1142 883 1221 quidem
909 1150 1004 1203 rnorte
1026 1143 1237 1205 moriebantur.

184 1242 261 1292 Serv.
276 1243 310 1291 ad
323 1244 405 1308 Verg.
422 1244 470 1292 Ge.
488 1242 605 1293 111482:
626 1244 689 1293 ‘Nec
706 1245 746 1293 eiu
763 1246 851 1294 neoclis
868 1251 926 1292 erut
943 1246 1067 1309 simplce'.
1087 1261 1134 1295 aee
1150 1249 1238 1296 morie·

97 1310 190 1359 dautur
207 1326 242 1360 er
260 1327 304 1359 usn
323 1313 339 1358 i.
359 1327 381 1358 e.
400 1314 533 1360 seerrurlura
552 1314 691 1360 naturalem
709 1313 836 1366 ordinem,
862 1327 911 1360 nou
934 1317 1028 1360 turrium
1048 1314 1112 1376 frrpu
1132 1317 1237 1372 unimus,

97 1380 145 1426 sed
162 1381 236 1426 etiam
253 1381 371 1442 corporis
389 1382 550 1428 resolutione.
581 1379 629 1427 Est
648 1386 730 1428 uertens
747 1378 869 1431 Sallustii,
889 1385 932 1459 qui
948 1384 984 1429 uit
1002 1395 1037 1429 ne
1050 1381 1166 1446 simplici
1181 1382 1236 1446 qui·

98 1445 159 1494 dem
178 1451 263 1494 morte
288 1446 482 1495 moriebantur.
507 1473 539 1481 —
563 1447 631 1496 Num
655 1453 730 1495 recte
755 1452 950 1511 grammaticus
974 1446 1138 1498 locutionem
1160 1448 1236 1499 illam

97 1512 246 1578 Vergilium
267 1514 301 1562 ab
321 1513 450 1563 Sallustio
469 1515 617 1578 sumpsisse
630 1514 741 1573 dixerit,
761 1516 790 1563 in
802 1515 906 1564 incerto
919 1515 1008 1580 potius
1022 1515 1235 1579 relinquendum,

98 1596 177 1644 qnam
197 1597 257 1629 cum
270 1581 380 1630 ‘Kritzio
401 1581 598 1630 adtirmamlnm
616 1582 736 1641 videtum
762 1582 899 1646 multoque
922 1583 1010 1631 minus
1028 1599 1076 1648 pro
1095 1589 1170 1634 certo
1188 1583 1235 1634 ha·

95 1647 213 1696 bendum
234 1648 390 1697 Sallustium
415 1665 448 1697 ea
472 1650 501 1697 in
525 1649 619 1711 eadem
645 1649 689 1698 vel
713 1649 796 1697 simili
819 1665 848 1697 rc
868 1649 1049 1716 describenda
1067 1666 1145 1699 restim
1165 1667 1234 1702 esse.

96 1715 210 1764 Scilicet
228 1731 262 1764 ue
281 1716 386 1778 Vergili
406 1717 513 1779 ‹prinem
532 1717 619 1765 locum
645 1722 720 1765 recte
745 1716 855 1765 Servius
879 1717 1029 1773 intellexit,
1053 1718 1099 1767 ubi
1123 1725 1235 1771 mortem
1257 1744 1270 1764 ο

95 1799 147 1831 nen
167 1783 318 1847 simplicem
337 1784 404 1842 dici,
429 1784 498 1847 ‹pirod
517 1785 636 1848 pocndes
656 1791 683 1832 et
701 1785 829 1833 interiore
855 1792 933 1834 aestu
952 1791 980 1832 οῖ
998 1786 1062 1834 tabo
1080 1787 1233 1847 interirent,

95 1850 250 1899 iamdudum
269 1867 433 1916 perspexere
448 1852 620 1915 interpretes.
653 1852 729 1912 Quod
742 1853 766 1900 si
779 1858 938 1917 conpertum
956 1852 1128 1912 haberemus,
1148 1854 1235 1904 morbi

93 1917 137 1967 vel
157 1918 333 1983 pestilentiae
352 1920 485 1983 ‹prioddam
504 1935 589 1983 gelans
609 1920 643 1968 ab
663 1919 792 1968 Sallustio
811 1920 946 1983 copiosius
966 1924 993 1967 et
1012 1920 1170 1970 adcuratius
1188 1922 1234 1971 de·

95 1986 224 2049 scriptum
245 2002 305 2035 csse
325 1986 389 2049 (rid.
409 1987 482 2035 inira
501 1988 520 2035 l.
540 1985 592 2049 28),
612 1987 646 2034 de
666 2003 697 2034 co
715 1986 786 2035 hacc
805 1987 890 2035 verba
909 1987 984 2035 dicta
1003 1987 1087 2036 inisse
1101 1989 1158 2037 inre
1178 1988 1232 2038 sta'·

94 2060 170 2101 tuere
190 2069 339 2117 possemus.
377 2054 444 2103 Cum
468 2070 532 2103 rere
555 2069 608 2102 non
632 2053 749 2117 simplici
771 2058 856 2102 morte
876 2059 970 2118 aperte
991 2053 1016 2102 ei
1035 2055 1149 2103 emortui
1168 2055 1230 2114 sirit,

94 2121 138 2183 qni
159 2125 186 2169 et
209 2121 364 2170 volneribus
388 2138 437 2186 per
461 2121 618 2184 fragmenta
640 2122 752 2170 nimium
776 2120 869 2169 inlatis
893 2127 920 2169 et
944 2121 1069 2170 fluctibus
1092 2122 1181 2171 obruti
1205 2128 1232 2172 et

94 2187 220 2236 exhausti
244 2189 364 2252 periere,
389 2189 490 2237 rectius
515 2187 676 2238 tlerlaebius
699 2189 750 2238 hoc
775 2188 957 2253 fragmentum
982 2189 1017 2237 ad
1041 2187 1156 2239 eundem
1174 2206 1231 2239 rem

59 2260 67 2276 ⁸
94 2261 175 2318 atque
190 2256 222 2304 ir.
236 2257 273 2304 'll
286 2256 399 2305 rettulit.
431 2257 527 2306 Utrum
542 2261 632 2305 auteur
645 2256 710 2305 illud
723 2255 915 2321 praecesserit,
937 2271 972 2305 an
991 2255 1166 2307 subsecutum
1185 2257 1230 2319 sit,

93 2323 199 2372 cautius
218 2324 325 2372 videtur
343 2325 370 2372 in
390 2325 493 2375 incerto
513 2323 638 2387 relinqui.

178 2440 243 2500 *26
267 2441 326 2521 [lle.
347 2450 389 2499 sb.
415 2447 443 2501 G.
462 2440 519 2521 53].
559 2441 647 2511 Quasi
669 2459 723 2519 par
752 2443 780 2500 in
809 2441 917 2519 oppido
940 2441 1099 2511 festinatio,
1129 2450 1158 2502 et
1186 2444 1229 2503 iu·

91 2560 163 2620 gens
184 2550 282 2602 terror
301 2551 372 2612 erut,
396 2562 432 2603 nc
455 2562 490 2603 ex
513 2543 604 2603 latere
622 2561 695 2603 nora
713 2543 893 2602 nnmimentu
911 2543 1032 2603 suadere
1045 2543 1229 2604 infirmaren-

90 2651 153 2703 tur:
183 2663 250 2704 uam
280 2648 375 2704 ‹rrirrria
404 2645 502 2722 {usundi
527 2645 701 2719 stagnabant
723 2643 956 2703 redundantibus
976 2643 1082 2705 cloacis
1105 2646 1229 2725 nclsurso

89 2752 169 2806 aestu
192 2748 289 2806 lituris.

173 2849 241 2896 Non.
262 2865 286 2912 p.
307 2847 340 2895 nt
364 2864 384 2894 s.
405 2863 430 2895 v.
450 2849 562 2896 recredere.
592 2846 678 2894 Prisc.
698 2846 736 2895 l'l
755 2864 781 2911 p.
801 2845 865 2895 235:
887 2847 984 2896 'rander
1001 2847 1135 2897 muddric'.
1171 2848 1228 2898 Sul·

88 2919 176 2963 lnstr'as
194 2919 218 2964 iu
237 2917 293 2965 llll
311 2918 487 2964 tristor-iurum:
506 2915 673 2963 urrinimeuta
686 2915 796 2963 madore
809 2912 1018 2963 infirmarentur.
1032 2942 1065 2950 -
1078 2915 1145 2965 Cum
1158 2915 1228 2966 haec

89 2984 123 3031 ad
143 2984 235 3045 (luzici
255 2984 423 3033 obsidionem
442 2983 605 3047 pertinuisse
630 2997 689 3030 cnm
713 2982 799 3030 eurisis
823 2996 866 3030 res
891 2981 960 3033 (vid.
982 2982 1016 3031 ad
1035 2985 1067 3031 ir.
1087 2983 1151 3043 24),
1171 2990 1225 3033 tum

87 3051 205 3114 Appiam
225 3050 242 3099 l.
264 3066 286 3099 c.
306 3068 332 3115 p.
352 3050 402 3097 383
421 3051 491 3098 baec
510 3049 608 3099 verba:
628 3046 678 3123 rori
697 3047 808 3113 τείχους
827 3036 941 3124 lucrida
960 3066 985 3098 u
1005 3045 1054 3098 nol
1072 3045 1227 3101 συνέπεσεν

88 3109 116 3174 ἔς
135 3109 258 3180 ἑσπέραν
276 3146 313 3161 -.
327 3107 391 3166 eitt’
410 3107 480 3165 oriri
499 3109 599 3173 νυκτὸς
618 3115 722 3166 αυτίκα
740 3114 996 3180 περιῳκοδομησαν
1014 3110 1044 3166 ol
1060 3116 1225 3182 Κυζικηνοί,

87 3188 244 3243 ostendant,
269 3186 387 3235 dubitari
407 3185 451 3233 six
470 3191 574 3248 potest,
599 3185 662 3247 «lirin
687 3189 762 3233 recte
786 3184 907 3233 nonnulli
924 3184 994 3233 Noni
1017 3184 1079 3234 libri
1102 3202 1150 3251 pro
1168 3187 1225 3237 1111

88 3253 235 3303 exhibeant
254 3254 303 3303 111.
342 3255 392 3302 l‘re
411 3259 493 3301 cirrata
512 3252 553 3302 cd.
572 3252 672 3300 Aldina
690 3253 783 3316 inepte
802 3258 908 3301 rrroealu.

171 3371 234 3432 *27
261 3372 320 3452 [lie.
339 3381 380 3428 28.
402 3375 431 3428 u.
449 3374 480 3429 lt
495 3369 553 3449 38].
592 3369 686 3429 limbi
709 3387 812 3446 greises
835 3369 873 3428 ob
896 3370 1021 3430 inediam
1041 3370 1154 3430 insnlilu
1178 3390 1224 3462 sc·

85 3474 243 3533 scenlibus.

170 3576 270 3624 liniret.
297 3575 330 3623 ad
349 3575 411 3622 Ter.
437 3571 505 3621 l‘lec.
531 3573 573 3622 ΙΙΙ
591 3574 620 3632 2,
639 3575 669 3620 ¹2:
693 3572 771 3636 rauyis
793 3571 892 3620 raorbns
916 3568 1099 3635 aderesceret]
1119 3574 1225 3635 pravior

81 3645 137 3705 lint.
175 3644 285 3706 Proprie
304 3646 363 3706 qrrla
380 3641 461 3690 suurbi
477 3647 641 3704 precesserat
660 3641 728 3688 (licit.
752 3665 785 3673 -
809 3638 913 3688 Sallust.
933 3639 1019 3688 morbi
1037 3666 1069 3674 -
1088 3640 1224 3689 vescenti-

85 3711 143 3759 bus.
181 3711 213 3759 ln
232 3711 353 3758 exercitu
372 3708 537 3757 Mithridatis
557 3708 687 3771 (percum
711 3706 854 3755 ‹ursidenn
880 3711 907 3755 οῖ
930 3708 989 3770 ipso
1014 3722 1064 3771 per
1081 3705 1223 3756 Lucullum

84 3778 195 3826 obsesso
219 3793 350 3826 siriumam
377 3777 477 3826 facerem
502 3781 528 3823 et
553 3776 614 3824 inde
635 3773 833 3840 gravissumam
853 3773 1038 3837 pestilentiam
1057 3780 1144 3822 ort-am
1163 3789 1224 3824 esse

84 3851 192 3894 resistat
211 3845 297 3910 (App.
316 3845 343 3893 b.
364 3862 386 3893 c.
407 3842 440 3892 76
458 3860 483 3908 p.
504 3842 561 3892 384.
592 3842 682 3891 Strab.
703 3841 755 3890 XII
776 3858 801 3905 p.
821 3839 872 3889 806
889 3841 972 3889 blein.
1001 3841 1072 3890 Plut.
1093 3842 1160 3890 Luc.
1182 3840 1221 3891 11.

84 3912 157 3962 Flor.
178 3914 189 3962 1
209 3913 254 3970 46,
277 3912 314 3959 17.
346 3912 424 3961 Oros
444 3912 481 3959 vl
500 3913 524 3959 2.
556 3910 646 3959 Scliel.
667 3909 785 3958 Gronov.
812 3909 846 3958 ad
864 3908 921 3957 Cic.
946 3924 986 3973 pr.
1010 3907 1029 3958 l.
1048 3908 1122 3958 Man.
1142 3908 1170 3968 8,
1190 3910 1224 3958 20

83 3997 108 4043 p.
123 3979 192 4042 tls),
206 3985 246 4027 set
262 3996 321 4028 cnm
335 3978 492 4028 Salluistinm
506 3978 539 4027 de
551 3978 608 4026 eius
619 3976 792 4041 pestilentiae
807 3976 912 4025 caussis
926 3975 1011 4025 frisius
1025 3975 1125 4025 dixisse
1138 3979 1222 4027 testa·

83 4055 137 4096 tum
159 4048 194 4095 sit
213 4047 277 4109 (vid.
291 4046 344 4103 est,
365 4047 402 4095 ita
418 4052 507 4095 antem
520 4045 590 4093 haec
604 4044 690 4093 rerba
703 4045 790 4092 minus
809 4048 874 4108 apta
888 4058 948 4092 osse
962 4042 1106 4093 videantur
1118 4071 1149 4079 —
1164 4044 1223 4109 quis

83 4115 232 4164 enimcum
252 4115 285 4164 dc
305 4114 463 4179 pestilentia
482 4113 562 4168 dicit,
586 4111 694 4160 urorbos
713 4110 946 4161 conmemorabit?
969 4138 1000 4146 -
1023 4109 1115 4161 malim
1135 4127 1169 4160 ea
1188 4111 1222 4161 ad

81 4182 266 4231 obsessionem
287 4182 544 4245 Calagurritanorum
562 4180 666 4229 referre
686 4178 751 4241 (rid.
772 4178 805 4228 ir.
824 4176 841 4228 6
860 4183 887 4228 οῖ
904 4178 956 4241 22).

167 4298 231 4359 *28
262 4300 321 4380 [llr.
339 4309 380 4357 ¹27.
410 4304 439 4357 G.
459 4296 582 4377 triete]
626 4297 707 4357 Serv.
736 4296 773 4357 ad
792 4296 879 4374 l'erg.
904 4297 957 4357 Ge.
979 4295 1017 4356 ΙΙΙ
1041 4297 1117 4358 481:
1146 4314 1222 4358 coa-

80 4407 218 4480 rupttquc
245 4407 343 4481 lucre,
370 4402 474 4476 urserit
500 4403 613 4477 pullula
641 4400 725 4469 tabu·
739 4400 886 4494 'udinem
913 4407 1029 4460 seculus
1053 4406 1110 4474 est,
1136 4416 1222 4476 quem
