2768 5010
434 392 737 438 conunurautosmt
759 392 832 436 cnr.
847 393 891 436 tv.
1173 431 1175 434 ,
1194 373 1233 437 61

140 541 176 598 lus
187 544 233 604 iata
251 556 316 609 erat.
336 559 366 606 ut
390 549 441 605 iam
456 566 511 606 nun
527 556 600 605 esset
621 550 722 605 ciuitas
738 550 818 604 urbis
832 548 941 604 Romae
962 554 1005 605 set
1022 550 1123 605 ciuitas
1135 551 1238 621 popuii

137 652 228 717 nmini,
252 651 305 707 Cic.
334 652 367 707 ale
387 652 452 723 leeg.
474 651 495 706 ll
512 657 543 712 2,
564 659 591 711 5.
640 652 678 706 Ac
705 666 868 725 quamquam
895 651 988 706 eodem
1016 649 1145 707 Cicerone
1170 651 1188 705 l.
1210 669 1235 708 c.

135 759 213 827 aucune
229 754 273 826 qni
295 754 322 809 in
342 752 497 828 municipiis
521 753 576 808 nati
596 761 682 814 eraiit,
703 759 767 809 ortu
782 751 932 827 municipes
952 759 1038 814 eraut,
1060 751 1167 811 civitate
1183 753 1235 808 lto·

133 852 192 913 nani.
216 854 345 911 lialieliant
367 855 480 911 alteram
499 855 551 911 loci
580 855 706 929 patriam,
731 853 842 910 alteram
868 854 936 909 iuris
959 854 975 909 i,
998 871 1021 907 e.
1044 853 1155 909 liturnum
1181 872 1234 928 qua

131 955 204 1029 arrepti
221 966 305 1019 erant,
330 974 345 1012 a
363 975 416 1031 qua
434 957 561 1014 univorsa
575 974 620 1011 res
634 955 741 1030 publica
757 972 856 1011 nomen
873 955 998 1017 lialieliat,
1018 962 1107 1011 tamen
1121 955 1233 1012 ltomani

130 1065 188 1117 cnut.
206 1076 255 1114 nun
278 1058 355 1115 urlris
378 1059 486 1115 Romae.
531 1058 600 1114 'lum
627 1056 777 1132 inquilinus
803 1057 869 1113 civis
890 1057 1028 1113 Romanus
1049 1065 1123 1112 recte
1145 1057 1167 1111 is
1188 1058 1234 1113 ail-

128 1155 220 1228 pellatur.
241 1160 288 1234 qui
309 1177 370 1215 euin
391 1160 503 1216 ltomam
524 1159 651 1221 venisset,
673 1158 810 1233 particeps
834 1159 922 1215 lactus
941 1165 984 1214 cst
1005 1157 1125 1214 civitatis
1146 1144 1248 1215 roma-¹

128 1273 170 1320 ur.
186 1279 236 1336 qno
262 1261 321 1318 iure
344 1262 555 1336 municipiorum
578 1260 816 1335 genus-utebatur
833 1259 917 1332 (Paul.
941 1260 1010 1315 lliac.
1033 1279 1058 1334 p.
1084 1269 1140 1320 105.
1166 1260 1233 1316 Gell.

127 1356 180 1415 ll.
199 1362 250 1418 xtt
274 1371 320 1424 13.
340 1369 358 1424 6
379 1340 412 1418 el
430 1364 458 1436 7)
478 1394 515 1405 -
538 1363 580 1419 vel
603 1363 650 1437 qui
673 1361 837 1436 inquilinatu
859 1361 870 1433 i
877 1370 940 1418 utar
961 1362 1013 1418 huo
1036 1361 1166 1418 vocabulo
1187 1363 1234 1418 ile·

126 1462 178 1518 unli
195 1463 298 1536 caussa)
316 1449 381 1521 civis
407 1480 536 1522 nonianus
561 1466 649 1522 lactus
670 1471 721 1520 est.
764 1462 807 1519 Sic
829 1471 902 1521 recte
924 1463 1079 1520 Ciceronem
1102 1464 1154 1520 ilici
1177 1482 1233 1521 nou

127 1564 218 1633 potuisse
243 1575 348 1622 certum
369 1574 421 1630 est,
443 1576 471 1621 at
494 1566 666 1623 triluendum
687 1565 713 1620 itl
737 1564 843 1621 videtur
863 1564 992 1621 Catilinae
1014 1566 1148 1627 audaciae,
1172 1584 1232 1623 curn

128 1673 194 1735 nsua
214 1667 241 1722 l.
264 1667 378 1724 llanlius
399 1669 553 1742 Torquatus
575 1666 796 1757 simiucouricio
812 1666 887 1722 illurn
905 1669 1080 1741 peregrinum
1095 1666 1232 1743 adpellare

129 1767 235 1825 inussit
256 1769 377 1844 (tlepr.
399 1768 467 1826 Sull.
490 1775 521 1832 7,
544 1776 579 1828 '22
599 1778 629 1826 ct
650 1767 703 1841 23).
745 1769 889 1823 Postremo
917 1769 982 1842 quitl
1007 1770 1141 1825 relerelrat
1162 1770 1232 1826 tiati-

123 1832 178 1922 lirae
191 1870 302 1927 ciuitatis
325 1871 483 1932 admouere.
513 1890 575 1929 curu
593 1889 626 1927 ex
648 1871 722 1927 omni
739 1887 810 1927 nexu
833 1868 910 1926 facile
933 1871 1060 1945 ailparcat
1082 1889 1143 1927 eum
1164 1872 1230 1928 nihil

131 1964 178 2024 alul
190 1973 289 2029 consuli
312 1972 462 2048 obprobrio
475 1973 541 2029 dare
561 1972 698 2035 voluisse,
727 1971 779 2027 nisi
807 1972 917 2029 Romaiu
946 1972 1040 2029 urliem
1063 1974 1087 2028 ei
1117 1974 1231 2047 patriam

132 2082 168 2124 nin
181 2090 238 2135 asse.
259 2075 334 2151 quoil
357 2082 432 2131 recte
453 2073 585 2131 intellexit
606 2073 744 2148 Appianus
767 2074 793 2129 n.
809 2072 867 2129 cll
886 2080 943 2149 tp.
962 2082 1014 2135 536
1025 2075 1106 2130 nell.
1139 2074 1229 2131 Κατι-

133 2165 188 2241 ὶίννς
206 2160 232 2229 tl'
255 2162 348 2233 αὐτὸν
368 2169 399 2244 ἒς
419 2163 510 2250 ὓβριν
531 2173 590 2231 τῶν
614 2169 760 2249 ἑλομένων
785 2167 987 2251 intranimse,
1011 2169 1041 2244 ἐς
1059 2169 1113 2249 μὲν
1134 2162 1231 2251 olyvo-

131 2265 282 2349 thrytvova
303 2265 408 2335 καινὸν
429 2266 582 2351 ὀνομάζων
603 2306 702 2318 --
724 2269 759 2346 ἐς
782 2271 820 2333 δὲ
847 2273 979 2359 ξενίαν
1002 2275 1065 2349 τῆς
1091 2267 1230 2349 πόλεως

131 2364 275 2443 mutum
297 2360 447 2460 pitiripuu
462 2375 585 2435 numine
597 2366 664 2447 τούς
681 2371 872 2447 ἐνοικοῦντας
889 2372 921 2453 ἐν
939 2366 1105 2452 ἀλλοτρίαις
1114 2375 1230 2450 οἰκίαις.

131 2469 193 2549 liqut·-
210 2498 367 2556 quemquam
396 2482 542 2556 quidquam
566 2480 782 2537 desideraturum
810 2498 870 2536 csse
897 2498 1056 2555 persuasum
1082 2481 1182 2545 habeo,
1205 2485 1228 2539 si

130 2576 290 2646 desiluisset,
306 2584 371 2658 quid
389 2583 462 2658 quod
476 2599 510 2639 eo
526 2589 632 2639 remoto
645 2599 740 2638 omncs
756 2582 930 2639 difficultates
944 2582 1087 2640 tolluntur.
1116 2586 1228 2652 Quodsi

130 2680 171 2747 itit
185 2686 339 2757 quaesiverit
364 2685 435 2741 unde
463 2683 529 2740 ittut
551 2684 579 2739 in
602 2691 704 2740 textum
729 2684 841 2740 inlatum
869 2685 921 2746 sit.
951 2686 1104 2742 meminerit
1130 2686 1228 2744 multas

130 2790 165 2834 ltu
180 2783 273 2854 glossas
288 2795 331 2843 set
354 2786 509 2860 glossarum
530 2785 660 2859 reliquias
673 2786 711 2865 pti
730 2785 849 2842 lilirariis
867 2795 991 2860 receptas
1006 2807 1074 2849 esse.
1096 2770 1125 2844 et
1151 2790 1227 2846 tacile

129 2874 166 2935 Μ
181 2889 307 2959 potuisse.
331 2897 441 2945 utrum
463 2905 546 2961 super
570 2889 728 2959 inquilinus
749 2889 881 2962 seriptum
898 2893 1073 2961 percprinus
1095 2894 1164 2948 ciuis
1190 2893 1228 2948 iil·

128 2994 163 3050 tlt
177 2988 233 3045 nale
256 3000 396 3065 receptum
415 2998 503 3050 esset,
527 2991 703 3061 pereprinus
723 2989 862 3046 ilclerctur
880 2990 970 3063 itaque
988 2994 1144 3063 inquilinus
1158 2993 1229 3050 einis

65 3112 71 3125 ·
127 3094 247 3147 ttoaneret.

182 3192 229 3249 stt.
247 3200 291 3256 ΒΞ,
317 3202 329 3253 t
351 3195 440 3248 miella
461 3210 522 3248 cunr
540 3192 633 3249 Curtio
652 3192 746 3249 delevi.
790 3192 881 3266 licque
897 3194 967 3250 enirn
984 3195 1160 3270 intellegitur,
1180 3217 1228 3255 cur

126 3290 199 3350 lmen
221 3295 335 3352 Catilina
363 3294 448 3351 multa
480 3295 586 3368 potius.
622 3312 702 3369 quam
731 3295 820 3350 ‹iiiiiiia
853 3313 921 3368 qnae
955 3296 1026 3352 liello
1053 3300 1113 3354 usui
1138 3301 1228 3356 iurent

125 3398 166 3445 am
180 3412 268 3471 rapere
289 3398 416 3459 voluerit.
438 3405 466 3454 et
488 3397 612 3470 spurium
626 3415 686 3454 esse.
704 3398 855 3471 scripturae
869 3398 990 3461 varietas.
1012 3418 1081 3472 (pirae
1103 3402 1129 3456 in
1151 3402 1227 3457 libris

124 3483 156 3534 ut
173 3483 288 3539 osteinlit.

180 3580 303 3650 moutam
326 3584 406 3641 rerlia
435 3584 539 3640 «licendi
569 3590 598 3639 et
628 3583 803 3656 intellegendi
832 3602 913 3658 saepe
942 3585 976 3640 ali
1007 3585 1136 3643 Sallustio
1164 3600 1226 3645 ante

122 3687 266 3743 &uiaticum
303 3705 365 3743 cum
399 3685 531 3742 infinitivo
566 3686 743 3748 omittuntur,
776 3685 821 3740 ulii
853 3704 885 3741 en
919 3688 1141 3760 praecellentibus
1179 3691 1226 3745 nli-

122 3794 159 3850 ltt
178 3789 250 3845 mulo
277 3788 401 3863 suliplcri
430 3796 553 3863 possunt.
580 3785 718 3844 nonnullis
748 3786 823 3851 lucis,
846 3789 892 3842 uln
922 3788 955 3844 ali
977 3808 1007 3845 ca
1030 3793 1227 3848 consuetudine

120 3878 248 3952 immam,
275 3890 450 3964 glossematis
478 3890 629 3947 orationem
657 3889 776 3945 vitiatam
801 3907 860 3946 csse
891 3890 940 3944 viri
969 3892 1041 3947 ‹locti
1063 3902 1226 3951 statuerunt.

121 3978 195 4061 ltqua
214 4011 243 4048 re
265 3991 412 4066 diligenter
433 3993 578 4048 caremlum
601 4000 655 4053 est,
679 4007 713 4045 nc
737 3990 810 4064 quod
829 4008 910 4064 saepe
932 3993 1040 4056 lactum,
1063 3996 1089 4051 iil
1111 3997 1227 4071 scriptu-

120 4097 158 4145 ttu
180 4092 252 4150 aliter
280 4095 370 4151 iacere
391 4112 446 4150 non
471 4095 594 4167 putuisse
621 4101 771 4149 statuamus
801 4093 892 4166 itaque
920 4093 1007 4168 qualis
1035 4097 1092 4152 eius
1122 4098 1226 4154 inilolrs

120 4182 177 4248 ltuit
192 4196 321 4270 tingamus
347 4196 440 4270 potins
467 4213 548 4269 quam
573 4213 605 4251 en
630 4196 669 4251 eis
692 4212 760 4268 quae
782 4196 878 4251 tradita
907 4207 971 4252 sunt
993 4198 1147 4272 perspicere
1170 4208 1227 4255 stu·

118 4285 207 4353 letum
242 4298 298 4356 Cat.
321 4306 364 4360 46,
386 4306 404 4356 ‘l
425 4300 553 4354 utillum
576 4300 677 4370 inpetis
699 4315 772 4354 curu
795 4304 881 4370 utque
908 4302 1016 4356 tortitia
1038 4302 1123 4356 simul
1144 4319 1227 4357 occu-

115 4404 211 4461 ltum
229 4420 295 4457 nuni
314 4401 481 4457 iactabatur
502 4402 668 4473 inteilcqens
682 4402 886 4457 concineratione
911 4400 1063 4473 putesuctn
1085 4406 1226 4461 ciuitatem
