2768 5010
384 1188 966 1279 CONMENTATIONES.

554 1699 557 1705 Ι
619 1610 688 1689 Cap.
716 1610 738 1670 l.

445 1796 504 1870 De
528 1794 687 1872 Sallusti
711 1795 922 1871 codicibus.

175 1990 294 2071 Sallusti
319 2014 406 2070 libres
426 2015 641 2089 nrauuscriptes,
663 2032 779 2090 quorum
802 2032 941 2073 maxumus
961 2022 1003 2070 est
1024 2031 1170 2079 numerus,
1193 2016 1249 2091 pri·

101 2133 171 2175 sireis.
195 2118 267 2189 ‹prrinl
289 2118 388 2178 scians.
412 2118 440 2172 iu
462 2134 563 2190 genens
593 2125 621 2173 et
649 2117 751 2174 classes
772 2117 917 2193 descripsit
939 2137 962 2172 v.
985 2117 1168 2173 doctissumus
1190 2118 1247 2172 llas.

99 2218 204 2273 [eriles.
231 2219 347 2274 lletlrius
371 2218 438 2274 llus.
460 2217 544 2274 lllren.
565 2219 597 2274 lx
623 2227 633 2278 Ι
662 2238 689 2294 p.
714 2226 865 2282 teu-ss,
894 2226 1057 2292 srgrnuentu
1085 2219 1248 2274 certissurnu

100 2337 168 2374 usus
191 2319 309 2383 lacunis.
332 2338 402 2393 quae
424 2321 450 2375 in
469 2319 547 2376 libris
569 2320 751 2377 inveniuntur.

190 2422 296 2477 Primus
317 2422 404 2493 igitur
426 2420 511 2483 lucus,
534 2421 579 2477 ubi
595 2421 720 2497 plerique
741 2421 804 2479 libri
826 2422 915 2479 mutili
930 2429 1009 2484 suut,
1028 2430 1070 2478 est
1091 2421 1148 2495 lug.
1167 2429 1209 2484 ll,
1223 2432 1249 2485 5.

99 2524 147 2578 uls
170 2523 252 2578 verbs
279 2539 371 2595 neque
393 2525 596 2580 marniebenlur
620 2539 656 2580 ea
683 2518 841 2582 exciderunt
869 2541 927 2580 earn
956 2523 991 2580 eli
1013 2540 1135 2581 esrrssaru
1157 2540 1249 2580 siranu-

99 2627 269 2683 lestissunre.
286 2625 358 2698 quud
376 2624 504 2681 librarius
518 2625 552 2682 al)
566 2626 660 2700 priore
674 2626 707 2683 ad
725 2626 841 2682 alterum
859 2641 951 2697 neque
968 2625 1054 2682 oculis
1069 2625 1248 2681 aberraverat.

191 2728 269 2785 Turn.
289 2727 313 2781 id
337 2727 410 2800 qued
433 2727 484 2782 iarn
499 2727 543 2782 alii
561 2726 770 2784 observaverant
787 2720 817 2800 ¹),
834 2726 862 2784 iu
878 2727 970 2784 inultis
988 2728 1064 2783 libris
1084 2727 1140 2799 lug.
1159 2733 1250 2788 10:3‚2

100 2830 184 2883 wrln
209 2845 247 2882 er
269 2832 345 2884 omni
368 2831 451 2900 copia
471 2831 704 2886 necessariorum
725 2828 897 2902 excipiuntur
920 2830 1009 2884 rer-liis
1035 2836 1091 2891 11⁶2,
1114 2838 1249 2901 sperem

102 2933 204 2991 vellet,
231 2932 316 2987 duret
335 2947 453 3003 eperum
476 2939 544 2994 eet..
573 2931 600 2988 iu
624 2930 685 2987 aliis
708 2930 763 2987 illis
787 2930 876 2986 verbis
897 2929 968 2986 liber
988 2930 1131 2988 clauditur.
1173 2931 1249 2998 Quod
1298 2921 1303 2930 ’

103 3050 173 3105 «pun
199 3032 235 3087 ita
264 3032 364 3089 laetum
391 3034 441 3096 sit.
469 3051 530 3090 euru
555 3031 828 3107 arelretypi'aliquet
854 3032 918 3088 lelia
939 3033 1099 3089 excidissent
1122 3042 1167 3088 sut
1188 3032 1250 3088 lere

105 3153 158 3188 stre
188 3143 261 3188 irrina
285 3142 391 3197 essent,
420 3153 500 3191 uerno
530 3134 664 3190 dubitabit
679 3130 711 3207 2).
760 3133 825 3190 Curn
847 3142 937 3190 autem
959 3152 1027 3208 (puae
1057 3135 1156 3190 emissa
1178 3142 1250 3196 suut,

105 3239 133 3290 in
157 3237 279 3291 uelitisne
298 3254 358 3292 rnea
380 3236 471 3311 peiere
493 3235 619 3310 expleant
642 3237 698 3291 lere
713 3235 798 3292 lineus
818 3230 911 3306 168³),
932 3237 1106 3310 conpntsnde
1123 3236 1251 3298 invenies,

104 3342 128 3392 si
155 3339 212 3392 «lun
239 3336 303 3393 ltalia
327 3339 484 3399 exciderint,
508 3335 535 3394 iu
558 3355 665 3411 quaque
685 3337 784 3411 pergine
805 3337 922 3412 scriptas
950 3338 1032 3393 luisse
1055 3338 1140 3393 lineas
1159 3346 1207 3400 42,
1228 3338 1251 3393 si

104 3449 241 3513 quntum
266 3440 349 3495 lineas
371 3448 418 3502 21,
449 3440 472 3496 si
491 3454 539 3495 sex
564 3449 608 3501 ll,
632 3440 655 3494 si
678 3447 740 3495 ectu
765 3433 847 3517 ¹⁰¹l2·
890 3440 965 3507 Quud
982 3441 1004 3494 si
1024 3440 1155 3514 spatium,
1179 3439 1251 3514 quud

104 3543 178 3596 lilwr
196 3543 230 3595 de
252 3541 382 3597 Catilinae
402 3542 591 3598 euruuratinue
613 3549 640 3596 et
663 3540 810 3613 lugurtlue
833 3540 934 3597 relicua
959 3560 1022 3615 pars
1043 3541 1181 3615 erarrpleul.
1207 3559 1253 3597 eu·

102 3646 167 3698 «lein
189 3644 271 3699 nrude
292 3645 497 3718 eunputareris,
526 3642 652 3716 singulus
674 3660 803 3698 rurnreres
830 3643 869 3700 sic
891 3644 1036 3700 currrenire
1064 3643 1197 3716 reperies,
1222 3649 1253 3696 ut

104 3763 278 3819 lllwatttqlll!
302 3753 389 3801 tetum
413 3753 486 3802 reete
509 3745 651 3800 dividatur.

195 3847 316 3902 Tertium
343 3845 432 3903 leeurn
463 3847 491 3902 in
519 3864 630 3903 censum
656 3844 758 3902 vucavit
786 3845 901 3901 lletluus
922 3846 978 3918 lug.
1000 3851 1088 3905 tm,
1111 3844 1155 3899 ulii
1176 3847 1254 3919 pauci

103 3950 169 4005 nuri
194 3957 259 4022 pest
282 3949 361 4005 verta
384 3950 419 4005 ab
434 3951 524 4004 ermis
538 3949 685 4005 discedere
703 3946 832 4002 adiiciunt
847 3948 883 4002 de
898 3949 1102 4003 controversiis
1116 3949 1177 4002 suis
1191 3952 1255 4004 iure

142 4114 166 4166 1,
184 4114 314 4177 ltojeseu.
330 4113 372 4162 ed.
386 4114 413 4162 11
424 4114 512 4179 prael.
525 4131 551 4178 p.
564 4113 601 4163 IV
611 4114 669 4162 nt).
697 4116 760 4162 rent
779 4111 905 4162 consulte
924 4112 1064 4162 abiecere.

141 4204 167 4257 2,,
189 4199 308 4248 Scilicet
338 4199 385 4264 qui
404 4199 503 4248 librum
528 4216 553 4248 e.
575 4198 671 4261 10:3‚2
731 4198 758 4255 3)
777 4199 884 4262 Quippe
907 4198 930 4246 si
955 4199 1088 4247 rutieneru
1107 4197 1256 4261 diligenter

104 4287 240 4346 disicere,
261 4288 386 4333 extrema
404 4299 474 4349 quse
498 4288 670 4349 supererunt,
699 4284 860 4334 subduxeris
889 4299 981 4332 eurunr
1011 4283 1160 4343 liueururn,
1185 4298 1255 4346 quse

104 4382 155 4422 :sut
176 4370 326 4434 neglexere
346 4376 395 4418 sut
413 4370 483 4434 ‹prod
503 4384 573 4419 nexu
595 4385 672 4419 esre·
699 4385 753 4418 non
771 4369 871 4434 plenae
890 4375 962 4417 sunt.

176 4477 316 4523 Snssusr.
336 4488 381 4522 sn.
399 4474 536 4521 Drsrscrr.
1035 4453 1043 4510 l
