2768 5010
413 401 637 444 nrsronmnvn
661 404 722 444 crs.
740 405 773 445 tv
794 393 884 448 72—
904 404 925 446 v
946 396 973 450 3.

220 548 260 609 72
286 550 345 630 [ΚΓ.
365 557 407 608 75.
431 555 460 609 c.
475 550 534 630 62].
577 552 686 612 Atinius
708 555 796 614 astitui
818 561 904 633 atque
929 556 1068 615 incertus.

219 659 297 708 Arus.
318 676 344 725 p.
363 657 425 709 too:
445 664 538 710 auritis
555 661 626 710 buius
643 667 690 714 roi.

219 777 258 837 73
285 778 344 858 [ΚΓ.
360 785 401 836 76.
426 783 455 837 G.
467 778 525 860 65],
570 779 676 840 Consili
699 799 795 860 aeger.

217 887 294 943 Artis.
314 905 340 953 p.
360 887 421 937 212:
442 905 520 952 ucpcr
538 893 612 938 illius.

220 1024 257 1081 tt
284 1021 343 1101 [ΚΓ.
360 1032 402 1081 77.
426 1029 455 1081 c.
476 1023 534 1103 81].
567 1024 645 1085 Fosi.
667 1043 695 1103 p.
719 1024 780 1087 239
802 1025 912 1088 ubido
935 1034 1024 1106 ponte
1046 1027 1170 1089 sublicio
1193 1030 1273 1101 dixit,

133 1122 251 1185 Sallusti
268 1123 366 1184 locum
381 1144 415 1185 er
437 1125 513 1185 libro
527 1133 633 1204 quarto
655 1126 767 1197 adtulit,
790 1135 835 1188 set
857 1130 930 1189 tristi
952 1148 1021 1190 casu
1037 1147 1148 1206 paucae
1162 1138 1272 1191 tanturn

132 1244 243 1303 eaeque
267 1225 488 1303 inexplicabiles
515 1227 628 1289 litterae
650 1234 825 1308 supersunt:
858 1247 895 1290 ne
923 1231 1101 1291 inrumiendi
1123 1250 1150 1310 p.
1172 1277 1206 1291 ..
1235 1268 1269 1276 -

131 1324 260 1386 Verbum
284 1330 469 1388 inrumiendi
490 1347 614 1407 prorsus
635 1329 798 1390 inauditum
822 1339 884 1399 est,
904 1338 1021 1391 et-cum
1041 1330 1152 1393 relicua
1174 1335 1271 1394 omnia

130 1429 285 1504 perierint,
314 1431 394 1489 onim
416 1429 591 1490 emendandi
616 1437 723 1491 conatu
752 1430 968 1493 abstinendum.
1014 1434 1109 1513 Atque
1137 1452 1174 1495 ne
1200 1434 1271 1496 illucl

128 1528 246 1607 quidem
264 1538 378 1590 certum
400 1550 471 1592 num
488 1531 642 1592 Sallustius
660 1533 696 1592 de
712 1539 801 1611 ponte
819 1531 943 1594 sublicio
963 1534 1077 1597 dixerit.
1114 1535 1189 1596 Nam
1202 1555 1270 1597 cum

127 1629 200 1689 haec
221 1638 374 1708 praeterea
395 1633 472 1710 apud
491 1633 608 1694 Festum
626 1641 740 1696 serrata
756 1637 828 1695 sint:
853 1680 964 1696 ......
986 1638 1146 1698 sublicibus
1164 1646 1271 1700 cauata

128 1777 325 1792 ..........
349 1744 457 1806 essent,
481 1741 510 1794 et
526 1753 600 1813 quac
623 1736 806 1812 praecedunt
826 1729 942 1806 mutila,
968 1739 1005 1799 dc
1023 1738 1129 1800 tabulis
1150 1739 1270 1801 sublicis

127 1832 303 1894 vocabulum
327 1823 499 1913 usurpatum
523 1854 589 1897 esse
610 1838 738 1914 prodere
758 1822 927 1908 videantur,
950 1837 1022 1899 haut
1043 1841 1190 1902 incondita
1212 1840 1268 1901 Ur·

125 1935 181 1994 sini
208 1937 336 2012 suspicio
362 1944 419 2006 est,
455 1936 572 1998 Sallusti
599 1937 698 1999 locum
723 1939 761 2000 ob
789 1941 949 2000 sublicibus
972 1946 1089 2002 curatis.
1112 1942 1150 2004 ab
1179 1943 1267 2004 Festo

126 2044 379 2098 conmemoratum
404 2038 502 2100 luisse.

630 2383 697 2472 iil.
719 2412 754 2473 v.

207 2565 245 2622 *l
276 2563 335 2643 [ΚΓ.
356 2571 378 2621 t.
410 2569 439 2622 G.
462 2568 494 2622 lv
514 2563 572 2644 79].
620 2564 700 2624 lldeo
728 2563 782 2623 illis
809 2565 937 2640 ingenita
966 2573 1011 2625 est
1031 2567 1169 2626 sanctitas
1191 2568 1265 2646 regii

122 2681 255 2724 nonnms.

206 2782 283 2832 Serv.
303 2782 337 2832 ad
356 2784 440 2846 Vere,
462 2784 493 2832 G.
514 2784 552 2832 IV
570 2782 617 2832 ‘ill
639 2782 774 2848 (itemque
793 2781 915 2848 Philnrg.
936 2784 970 2832 nd
990 2784 1070 2834 etrnd.
1090 2785 1197 2850 ΙοοιιΓΓι,ἱ
1217 2789 1263 2838 ubi

121 2866 168 2914 pro
187 2854 253 2914 repit
270 2855 374 2900 tremissis
393 2857 524 2916 conrnpte
539 2851 640 2915 legitur
656 2852 795 2914 reliptonis)
813 2851 884 2900 hoec
902 2851 988 2902 verbu
1007 2853 1113 2915 odtnlit,
1133 2870 1184 2919 quo
1197 2855 1264 2905 Vor-

122 2918 170 2981 pili
184 2920 365 2967 sententiam:
385 2920 546 2984 Aegyptios,
561 2919 660 2981 Lydos,
681 2919 807 2978 Parthus,
826 2919 922 2967 Medos
934 2935 1028 2985 regum
1042 2936 1103 2970 csso
1116 2921 1263 2973 observan-

121 2987 247 3035 tissnmos
267 2987 448 3043 confirmaret,
468 2988 496 3035 in
515 3002 566 3050 quo
585 2986 653 3035 illud
671 3001 724 3036 non
743 2986 920 3051 premunitum
934 3002 993 3036 esse
1014 2987 1136 3052 adparet,
1155 2995 1185 3037 ut
1203 2989 1263 3039 Sal-

120 3053 218 3103 lustius
237 3054 271 3103 dc
290 3055 375 3103 isdem
395 3070 506 3119 prorsus
525 3054 652 3118 gentibus
671 3054 773 3103 dixisse
792 3054 928 3103 credatur.
967 3056 1016 3104 s'et
1034 3070 1094 3104 cum
1113 3057 1190 3106 Cnss.
1210 3059 1263 3106 llio

120 3121 221 3169 XXXV
244 3120 260 3168 o
284 3137 343 3170 cirum
368 3123 430 3170 aliis
455 3122 634 3186 scriptoribus
653 3121 833 3170 Mithridaten
856 3136 995 3171 revorsnm
1014 3123 1043 3171 in
1066 3123 1181 3173 Pontum
1204 3125 1262 3175 luo·

120 3190 240 3237 tissumis
260 3190 357 3238 nnimis
377 3178 520 3254 exceptum
540 3206 600 3237 esse
619 3205 781 3247 memorans,
800 3188 1015 3239 benivolentiam
1035 3183 1065 3239 is
1084 3205 1113 3241 τε
1131 3189 1184 3240 rori
1195 3183 1261 3257 ὁμο·

120 3248 214 3321 φύλου
233 3252 281 3305 καὶ
301 3248 332 3306 ἐκ
350 3257 400 3322 τῆς
418 3256 541 3321 πατρίου
560 3255 705 3323 βασιλείας
726 3256 845 3321 prodiise
864 3257 971 3318 docent,
990 3274 1078 3322 praeite
1098 3263 1201 3307 certum
1221 3261 1260 3310 vi·

119 3325 199 3373 ‹letnr
216 3324 265 3372 illo
285 3325 369 3374 verba
393 3325 427 3373 nb
448 3324 578 3373 Sallnstio
597 3325 626 3373 in
645 3324 740 3373 euclem
761 3340 789 3373 ro
808 3324 912 3389 scriptu
931 3325 1025 3374 inisse.
1062 3326 1121 3378 Hoc
1140 3326 1261 3377 dubitari

119 3397 220 3455 potest,
239 3397 327 3441 utrum
341 3393 369 3440 in
382 3393 405 3439 Κ
418 3392 480 3442 libri
498 3393 584 3453 nitrio,
605 3407 640 3441 ou
659 3392 687 3441 io
700 3390 803 3441 ivone
818 3407 868 3442 ooo
882 3407 925 3442 res
938 3396 1068 3442 narratae
1088 3393 1199 3456 tuerint,
1218 3400 1262 3445 set

118 3459 184 3509 illud
203 3460 262 3509 veri
280 3459 404 3509 similius.

203 3592 249 3651 *2
274 3594 333 3674 [lir.
351 3604 376 3652 2.
400 3597 470 3653 Gorl.
491 3599 541 3654 inc.
561 3593 619 3674 48].
663 3593 745 3655 Lnxo
768 3594 852 3672 pctlc.

203 3712 284 3761 Prob.
304 3730 329 3778 p.
354 3712 413 3763 133:
433 3718 489 3762 nom
508 3716 598 3762 ‘trimus'
617 3715 745 3767 vacillans,
766 3713 845 3761 ‘baricis
862 3714 926 3763 Καὶ·
940 3714 1014 3775 fucit.
1041 3712 1176 3773 sialitanus
1194 3716 1263 3766 oblo-

117 3783 167 3830 iiao
186 3780 249 3828 luxo
269 3782 348 3845 pede.
386 3781 453 3829 Cum
472 3781 625 3830 Mithridati
643 3780 747 3845 proelio
767 3780 898 3831 advorsus
921 3781 957 3830 M.
977 3781 1095 3831 Fabium
1113 3783 1263 3834 hdrienum

118 3849 256 3897 conmisso
271 3849 361 3913 lapide
376 3865 448 3914 germ
461 3865 620 3913 percussum
634 3864 695 3897 esse
709 3852 817 3897 constet
830 3849 958 3913 (Appinn.
971 3850 997 3898 b.
1012 3851 1048 3898 M.
1061 3847 1095 3897 88
1113 3866 1138 3915 p.
1153 3850 1212 3908 305,
1229 3851 1261 3913 l),

118 3917 193 3979 qnnli
213 3916 325 3965 volnere
339 3917 424 3966 onmis
437 3933 486 3980 pes
499 3916 660 3965 debilitatur
679 3932 711 3964 nc
730 3915 852 3974 solvitur,
872 3917 900 3964 in
919 3931 953 3964 crs
972 3932 1000 3965 re
1020 3916 1070 3964 illa
1087 3918 1174 3966 verba
1187 3919 1262 3970 dicto

119 3984 206 4032 luisse
225 4000 314 4047 pncrrc
335 3991 437 4033 certum
456 3985 573 4033 videtur.
612 3984 693 4031 t'crte
718 3983 750 4031 ile
771 3999 803 4030 eo
821 3982 946 4036 volnere.
971 3999 1022 4048 quo
1040 3985 1215 4036 Mithridates
1233 3987 1261 4037 in

118 4066 212 4114 pnpnn
232 4052 266 4100 nil
286 4053 378 4101 Zelam
398 4053 535 4101 conmisso
555 4051 589 4100 nb
609 4052 770 4099 centurione
791 4051 912 4100 Romano
927 4051 1052 4100 adiectus
1071 4057 1112 4100 est
1130 4053 1259 4119 (Appiam

118 4118 144 4164 b.
160 4113 195 4166 M.
208 4118 242 4167 89
255 4136 279 4183 p.
295 4119 353 4177 305,
365 4119 410 4167 eu:
426 4111 454 4176 ἐς
467 4112 517 4167 τὸν
529 4112 622 4184 μηρὸν
635 4109 758 4179 ἐπάταξε
771 4115 849 4180 ξίφει
863 4111 975 4183 πληγὴν
987 4116 1116 4183 βαρεῖαν.
1137 4121 1259 4173 Momms.

121 4185 161 4232 lll
180 4203 205 4249 p.
224 4185 255 4234 tii
276 4190 356 4247 extr.)
377 4189 465 4236 minus
484 4187 623 4236 commodo
643 4186 760 4250 cogitari
778 4185 896 4236 videtur.

202 4303 219 4361 3
244 4305 304 4385 [ΚΓ.
328 4315 345 4361 t.
375 4312 404 4362 u.
425 4305 481 4386 tu]
523 4304 652 4364 Peractis
676 4305 858 4382 septuaginta
888 4306 971 4365 annis
1000 4311 1130 4365 armatus
1152 4326 1260 4387 equum

118 4402 232 4463 insilire.
