2768 5010
195 376 236 440 74
545 396 847 444 couunursrronma
870 398 940 445 cer.
964 400 1009 445 av.

193 552 281 613 culam
298 553 331 610 ab
345 550 507 629 glossatore,
530 554 576 628 qni
592 555 714 629 asyndeti
731 555 863 614 rationem
880 574 976 633 parurn
991 559 1185 634 perspexisset,
1202 560 1333 619 adiectam

194 674 255 717 esse
277 657 336 731 (ele.
357 674 410 713 rar.
430 674 481 713 ser.
504 657 535 713 ad
558 664 596 721 rt.
615 656 651 730 7).
729 710 731 715 .

278 775 386 833 Multam
406 774 544 832 dubitandi
559 794 649 833 ausam
666 777 778 851 praebet
792 779 955 853 principium
977 781 1109 838 orationis
1131 780 1236 854 lupae.
1256 790 1289 841 10
1304 774 1334 853 ¹).

193 880 231 936 bc
253 881 369 953 primum
392 878 500 952 quidem
522 879 549 934 iu
572 879 660 935 verbis
679 882 709 936 iu
733 897 852 954 requam
874 897 965 938 mcum
988 884 1089 955 occepi
1106 890 1267 957 suspectum
1294 890 1336 939 cst

193 999 293 1045 meum,
308 982 369 1056 quia
388 982 415 1037 in
432 974 525 1055 qspgap
542 990 605 1056 post
615 998 750 1055 aequum,
764 984 791 1039 iu
805 983 915 1040 relieuis
930 995 993 1042 ante
1007 985 1126 1059 positum
1140 992 1192 1040 est.
1228 984 1335 1042 Etcum

193 1094 317 1160 apertum
336 1084 371 1140 sit
393 1085 444 1141 buc
465 1084 532 1140 dici:
563 1091 590 1139 tc
616 1086 693 1159 regio
715 1086 790 1143 cultu
812 1093 894 1160 atque
921 1087 1027 1145 bonore.
1046 1098 1107 1144 esse
1130 1087 1213 1150 volui,
1233 1106 1336 1162 prouo-

192 1206 254 1245 men
282 1187 465 1262 possessivum
495 1194 567 1243 recte
594 1186 745 1244 omittetur.
785 1188 849 1243 Mam
872 1188 981 1263 Micipsa
1006 1189 1033 1245 iu
1060 1188 1130 1245 alius
1154 1200 1271 1262 regnum
1294 1191 1337 1247 lu·

193 1292 319 1365 gurtbam
336 1289 459 1362 accipere
482 1306 536 1344 nou
559 1289 656 1363 proterit.
702 1291 742 1345 bd
764 1307 833 1364 quae
854 1290 972 1356 adsedit,
996 1292 1069 1365 quod
1091 1291 1114 1348 si
1136 1306 1230 1348 meum
1254 1292 1338 1349 adici·

192 1400 251 1455 tur,
282 1392 359 1449 facile
383 1376 493 1464 Micipsa
522 1391 548 1446 iu
580 1392 738 1448 societatem
764 1394 842 1465 regui
870 1394 943 1465 quod
972 1412 1052 1450 suum
1079 1400 1152 1449 essct
1175 1394 1339 1467 Iugurtham

192 1496 336 1553 adscivisse
367 1492 448 1549 rideri
478 1492 575 1566 possit.
617 1493 684 1550 Tarm
710 1494 807 1550 liberis
835 1495 908 1568 quod
934 1497 961 1552 iu
993 1495 1118 1553 omuibus
1146 1494 1227 1553 libris
1253 1514 1337 1553 rnanu

193 1597 302 1672 scriptis
325 1595 434 1669 legitur,
458 1594 515 1650 iure
539 1612 569 1651 ae.
589 1595 687 1652 merito
709 1596 853 1652 ollerrsieni
876 1606 926 1653 cst.
960 1598 1025 1655 Mam
1047 1599 1069 1655 si
1092 1597 1159 1655 illud
1180 1599 1338 1674 exprimere

192 1699 311 1777 coluisse
326 1698 463 1771 Micipsam
482 1703 646 1753 statuamus:
670 1716 795 1773 sperasse
818 1717 847 1756 sc
870 1699 1026 1773 lugurtbam
1050 1700 1101 1757 sibi
1123 1716 1176 1757 uou
1199 1704 1337 1757 minorem

192 1802 320 1878 pictatem
341 1800 536 1875 praestiturum
558 1816 631 1862 esse,
662 1819 742 1874 quam
765 1800 850 1858 silium
873 1803 1006 1873 portitori,
1035 1804 1133 1861 mirum
1155 1809 1200 1858 est
1221 1801 1336 1866 liberos,

193 1920 262 1978 quos
284 1911 375 1958 rrtrrrm
397 1900 541 1975 geniturus
569 1909 642 1957 essct
669 1918 760 1960 auuou
791 1905 924 1960 incertum
946 1913 1004 1961 tum
1028 1905 1095 1967 sarit.
1123 1906 1336 1961 conmemorari.

191 2004 223 2063 Et
241 2012 314 2062 reete
336 2004 369 2061 ab
394 2003 454 2060 aliis
476 2004 692 2060 anirnadrorsum
716 2014 772 2067 est,
802 2007 840 2061 sic
865 2007 898 2061 ob
919 2007 1051 2077 benificia
1074 2007 1154 2062 etiam
1179 2007 1213 2062 ad
1237 2009 1339 2063 liberie

191 2109 329 2184 pertinere
349 2107 440 2162 videri.
481 2107 527 2162 Set
544 2107 626 2181 quid?
648 2125 712 2163 uum
735 2107 864 2163 credibile
887 2116 936 2171 cst,
956 2124 1017 2164 curn
1038 2107 1205 2183 planissume
1222 2109 1259 2165 sit
1275 2126 1337 2166 sen·

193 2212 277 2267 teutia
299 2211 322 2266 si
345 2211 441 2267 liberis
463 2208 542 2272 absit,
565 2209 598 2265 ab
621 2207 775 2283 glossatore
797 2210 930 2266 adiectum
950 2211 1031 2267 esse?
1069 2210 1183 2284 Optuma
1207 2219 1251 2267 est
1275 2228 1337 2268 seu·

192 2316 275 2371 tentia
301 2314 381 2370 raiardo
404 2329 456 2367 uua
474 2311 566 2367 littera
588 2319 744 2368 conmutata
763 2314 866 2368 liberos
887 2312 1045 2368 scribamus.
1082 2312 1238 2386 Aptissume
1260 2314 1335 2369 euim

190 2416 299 2490 Micipsa
321 2417 381 2490 ipso
404 2415 431 2469 iu
453 2413 589 2487 principio
611 2415 669 2469 eius
690 2414 837 2476 orationis,
861 2431 913 2487 (pua
935 2414 1093 2488 lugurtbam
1116 2430 1149 2470 ne
1172 2422 1237 2486 post
1261 2432 1337 2471 meir·

189 2526 244 2574 tem
267 2536 342 2574 seram
359 2515 489 2573 fratribus
515 2516 602 2570 bostis
631 2516 676 2570 liat
696 2516 891 2572 delaortaturus
916 2526 972 2581 est,
1000 2516 1229 2572 illum-admonet
1251 2516 1335 2579 offici.

191 2639 245 2695 quo
268 2620 303 2675 ob
324 2617 445 2675 benilieia
467 2635 522 2673 nou
545 2617 633 2673 sobuu
655 2617 721 2679 sibi,
746 2626 786 2673 set
810 2619 890 2673 etiamr
915 2617 1009 2675 liberis
1031 2619 1088 2674 suis
1113 2617 1265 2675 obstrictus
1289 2621 1334 2682 sit.

189 2741 250 2780 cum
266 2723 335 2778 dicat
354 2738 383 2775 se
399 2738 428 2774 ca
446 2737 494 2794 spe
511 2718 585 2776 illurn
602 2719 738 2794 accepisse
765 2720 824 2776 sure
847 2727 877 2775 ut
899 2720 979 2776 etiam
998 2719 1108 2780 liberes,
1132 2737 1202 2794 equos
1222 2722 1334 2794 genitu·

190 2843 236 2881 rus
253 2833 333 2888 esset,
356 2822 504 2897 pariterue
522 2839 551 2877 se
567 2822 654 2895 ipsum
678 2821 712 2875 ob
730 2821 852 2877 lieuibeia
871 2829 982 2878 cenaret.
1015 2821 1069 2877 b'ee
1090 2822 1135 2895 qui
1154 2839 1235 2895 (piram
1251 2840 1334 2879 error

189 2926 271 2984 semel
288 2926 440 2982 coarurissus
460 2941 510 2997 per
527 2924 614 2978 omuis
630 2922 715 2978 libres
737 2933 907 2997 propagetur
928 2931 1034 2985 teneat,
1059 2923 1104 2997 qul
1127 2922 1184 2978 beri
1207 2924 1332 2998 pertuterit

189 3037 219 3085 ut
244 3030 347 3085 liberos
375 3028 400 3082 iu
423 3027 520 3082 liberis
541 3033 759 3088 ceuruutaretur,
784 3034 905 3099 quaeret.
948 3026 1106 3099 Sequuntur
1132 3024 1213 3081 uerba
1239 3042 1335 3100 neque

186 3147 221 3186 ea
243 3147 291 3185 res
311 3129 418 3201 falsum
439 3144 482 3183 me
503 3129 611 3189 laudarit.
633 3127 776 3201 inquibus
800 3144 886 3201 paene
902 3128 987 3183 miror
1004 3127 1137 3189 nemiuem
1161 3127 1333 3185 obtendisse.

188 3232 256 3302 Quia
279 3234 369 3288 eniru‘l
393 3248 483 3287 aronue
503 3238 675 3305 exspectatur
693 3246 727 3285 eo
749 3239 834 3301 spes?
868 3231 946 3285 tlerte
963 3229 1124 3303 scriptorem
1139 3228 1334 3304 neglegentiae

149 3380 153 3387 .
187 3337 299 3392 criauiue
323 3335 438 3391 liberare
461 3351 516 3389 uou
539 3333 657 3407 poteris,
686 3331 708 3387 si
733 3349 795 3388 cum
822 3348 856 3387 ea
883 3348 931 3387 res
960 3350 1011 3406 pro
1036 3331 1067 3386 id
1092 3330 1193 3387 elisisse
1216 3340 1332 3395 statuas,

189 3456 243 3512 quo
266 3439 326 3512 ipse
349 3438 371 3491 si
400 3454 464 3491 usus
492 3442 565 3490 esset
592 3435 680 3489 ruirrns
708 3434 834 3490 edomate
862 3434 1034 3509 scripsisset?
1075 3432 1143 3488 Num
1168 3434 1257 3506 igitur
1284 3449 1334 3490 ree

190 3558 220 3597 ea
240 3555 307 3611 epea
327 3546 490 3612 conruptuur
516 3537 639 3592 cicietur?
685 3535 813 3600 Miuume,
838 3544 879 3591 set
903 3537 939 3591 ita
961 3553 1073 3592 corneo:
1096 3550 1132 3589 eo
1154 3535 1187 3589 ab
1210 3535 1330 3592 librariis

188 3643 320 3699 adiectum
343 3658 411 3702 esse,
440 3658 509 3713 quos
528 3639 639 3694 latuerit
661 3654 738 3700 reue,
762 3638 777 3691 i.
798 3655 821 3691 e.
848 3656 909 3695 uera
932 3647 1034 3699 ereuta.
1057 3636 1158 3710 obponi
1179 3642 1245 3710 spei
1266 3639 1283 3694 i.
1305 3656 1329 3693 e.

187 3744 268 3800 rebam
289 3744 404 3818 speratis
428 3742 487 3815 (ele.
503 3740 558 3795 Cat.
578 3747 620 3802 20,
643 3748 683 3800 13.
703 3746 746 3801 tt.
772 3749 783 3798 l
808 3739 872 3814 ibiq.
896 3739 971 3796 locos
989 3740 1023 3795 ab
1044 3739 1105 3794 aliis
1128 3738 1282 3814 conlectos)
1297 3733 1328 3813 ²).
1364 3778 1368 3785 .

187 3846 231 3901 Set
256 3846 353 3902 eliserit
372 3846 488 3901 sortasse
505 3843 653 3917 quispiam:
675 3843 697 3897 si
719 3843 823 3898 liberos
844 3842 986 3905 scribatur,
1006 3842 1073 3898 banc
1094 3841 1259 3899 senteutiam
1275 3858 1329 3899 nou

187 3948 253 4003 satis
279 3955 352 4003 reete
380 3947 412 4002 ad
442 3945 803 4021 praecedentiaadiunctam
827 3944 923 4008 videri;
951 3943 1025 4000 nialla
1055 3944 1126 3999 enim
1149 3944 1273 4000 caritatis
1302 3945 1329 4001 iu

222 4112 251 4173 1)
276 4115 384 4163 Puruauu
402 4128 462 4175 epo.
483 4112 619 4175 lepra-tua,
638 4117 663 4160 te
682 4126 743 4161 cum
803 4110 829 4173 2)
849 4110 1015 4172 Qtiintiliaui
1033 4107 1111 4173 (lust.
1130 4126 1170 4160 or.
1189 4109 1230 4160 ΙΧ
1246 4108 1330 4175 3‚1-2)

186 4198 275 4249 Puris.
297 4205 324 4248 et
343 4199 363 4247 b
384 4198 465 4246 alteri
484 4198 651 4261 scripturae,
673 4212 742 4260 spirate
771 4195 895 4244 codicum
921 4195 973 4245 lide
997 4210 1039 4243 me
1069 4210 1123 4246 non
1152 4196 1240 4261 magis
1265 4212 1330 4247 con·

187 4283 216 4331 iu
234 4282 257 4335 dl
277 4288 326 4344 est,
346 4290 371 4332 te
391 4282 515 4346 lespera-llio
532 4269 743 4346 pracserurrdum
769 4282 874 4330 moveri
890 4295 970 4344 quam
988 4280 1103 4330 Sallusti
1120 4280 1263 4346 librorum,
1282 4296 1330 4332 ne-

187 4368 291 4432 potem,
312 4367 382 4431 quod
401 4367 442 4416 ita
459 4373 484 4416 te
503 4367 606 4417 firmius
621 4381 682 4417 curn
701 4382 742 4418 sc·
770 4382 813 4416 mo
832 4365 914 4429 crede
932 4364 1084 4415 mirabitur.

186 4451 333 4520 quentibue
352 4452 536 4517 coniungitur.
