2768 5010
410 391 635 438 arsroaraarn
655 393 718 438 nra.
741 393 777 436 n.
813 381 929 440 b—tt.
1201 364 1242 435 33

100 549 294 605 memoratum
319 543 492 613 irrisaearlri
511 545 547 605 de
570 544 670 623 Lepidi
694 545 812 604 interita
834 542 945 602 dietmn
968 547 1040 609 erat,
1060 559 1154 619 paene
1177 559 1242 600 rer·

101 653 162 704 tum
183 645 306 705 ridetur.

186 781 204 841 8
229 778 288 859 [tir.
307 787 350 837 la·
364 784 393 838 G.
410 779 464 859 15].
498 782 549 839 Set
561 782 614 858 ipsi
632 780 727 838 ierant
745 786 860 839 taurnru
879 797 913 837 ex
931 795 1030 855 grege,
1045 795 1132 855 quern
1148 793 1241 853 prope

100 880 183 940 litora
196 880 329 957 regebat
350 879 440 939 Corsa
462 882 579 939 nerruine
603 880 691 957 Ligus
712 879 826 939 mulier.

185 990 271 1039 Prise.
289 990 327 1038 vl
346 1006 371 1053 p.
391 987 453 1037 ibt:
479 1007 534 1037 nrrrn
555 995 635 1037 ‘eetrrs
653 993 756 1038 veteris*
776 1005 899 1050 eornrnnne
918 996 956 1037 esi
974 990 1047 1036 trium
1063 1003 1191 1049 penerurn.
1216 994 1240 1034 et

101 1056 198 1123 ‘hipra'
216 1074 312 1121 qnoque
333 1058 452 1119 ‘Liparis'
471 1073 603 1105 enrrnuune.
640 1056 774 1105 Sallustius
786 1061 810 1104 in
823 1056 850 1104 ll
868 1057 1043 1108 historiarum:
1063 1054 1116 1102 Sed
1135 1082 1166 1088 —
1185 1069 1240 1102 rnu-

99 1122 159 1174 lier.
182 1151 216 1159 -
239 1125 326 1184 Quam
346 1140 402 1171 reru
422 1123 567 1172 Sallustius
586 1127 753 1182 narraverit,
775 1123 947 1188 intellegitur
964 1139 997 1171 ex
1017 1122 1112 1170 lsidor.
1143 1120 1238 1185 Origg.

99 1207 125 1256 p.
144 1189 195 1241 453
215 1191 256 1240 ed.
276 1191 355 1239 Otto:
384 1192 502 1240 (branae
527 1196 621 1240 insulae
640 1193 772 1241 enordbon
796 1194 894 1239 incolae
914 1191 1022 1253 Lipares
1040 1191 1176 1241 dederunt,
1196 1205 1240 1251 np-

98 1263 224 1322 petiantea
241 1275 295 1307 eam
313 1275 347 1308 ea·
366 1262 462 1307 rrrnnine
482 1262 558 1307 nareis.
597 1260 661 1307 rl'am
680 1261 801 1324 quaedam
817 1260 896 1307 i'orso
914 1263 1011 1306 nomine
1033 1257 1112 1320 ln'pur
1130 1254 1180 1320 [sie
1194 1257 1239 1304 dr.

100 1327 219 1390 Liparum
238 1343 282 1375 ra.
303 1326 381 1389 lapus
400 1324 484 1390 vole]
504 1330 598 1378 rrririier.
617 1343 669 1375 eunt
687 1334 784 1374 tenerum
803 1343 838 1375 ear
856 1341 945 1389 prope.
966 1341 1035 1390 quem
1051 1340 1135 1388 prope
1154 1327 1241 1372 littora

99 1394 216 1456 repebat.
239 1400 404 1442 transnatare
422 1397 520 1442 solitam
539 1401 614 1458 atque
631 1410 680 1457 per
699 1397 831 1442 interuallo
849 1408 958 1456 corpore
982 1399 1056 1441 aurio
1075 1407 1188 1439 remeare
1206 1394 1240 1439 ni·

98 1463 179 1514 deret.
199 1463 302 1524 rapiens
319 1464 386 1509 seire
406 1466 533 1525 incopnr'ta
550 1461 600 1510 sibi
613 1461 721 1524 pabula.
741 1469 837 1509 tarrrnnr
856 1478 872 1509 a
890 1464 983 1509 ceteris
1001 1460 1182 1521 rtr'preriientenr
1201 1475 1240 1506 nr·

98 1545 145 1594 qne
164 1530 200 1576 ad
216 1532 319 1577 insariam
339 1531 437 1591 nonipio
455 1535 592 1592 proreento
610 1536 656 1577 ert.
690 1529 763 1576 (Lienis
781 1544 900 1592 repressa
919 1531 1014 1576 institae
1027 1530 1186 1588 fertilitatem
1199 1542 1240 1574 ro-

96 1602 247 1658 pnosrenier
267 1596 375 1658 Lipares
393 1596 489 1643 ratiinrr
507 1597 543 1643 its
557 1598 672 1657 mosceti
687 1602 743 1642 sant
764 1592 914 1659 [prosecuti
933 1602 997 1642 srrnt
1016 1597 1066 1642 (ln.
1086 1591 1117 1658 2]
1136 1609 1239 1659 enrnpne

97 1666 194 1712 nonrine
212 1666 322 1711 mulieris
340 1665 453 1712 arcaturis
470 1670 494 1711 et
514 1664 583 1711 deeris
602 1666 808 1726 appellaverunt:
831 1663 859 1711 iu
883 1661 979 1725 quibus
997 1660 1142 1720 barastalla,
1165 1660 1240 1711 velut

97 1748 114 1778 a
131 1737 225 1778 ceteris
243 1731 424 1792 dipreriientern
444 1736 471 1777 et
482 1733 552 1780 enirm
565 1747 683 1792 repressa
697 1729 857 1778 Sallustiani
871 1728 935 1792 styli
948 1729 1075 1777 ridentur
1087 1743 1156 1776 esse.
1188 1728 1239 1776 (le-

98 1803 185 1845 teram
205 1797 363 1846 Sallustiana
382 1797 414 1845 de
435 1797 547 1846 Corsica
566 1797 655 1846 insula
675 1797 769 1845 eodem
789 1796 859 1855 loen,
880 1810 931 1859 qao
950 1796 982 1845 de
997 1795 1125 1844 Sardinia
1138 1795 1238 1845 dixisse

97 1865 156 1914 reri
175 1864 347 1914 similluraarn
366 1872 416 1912 est.
1251 1868 1253 1872 '

184 1987 202 2042 o
228 1980 287 2063 [tir.
306 1990 346 2039 lt.
365 1986 394 2039 G.
411 1981 451 2060 o]
489 1983 531 2042 Ne
554 1982 600 2042 illa
623 1988 708 2040 tamo
730 1983 810 2058 paria
834 1983 899 2040 sint.

183 2093 284 2140 Donat.
305 2091 339 2140 ad
357 2092 379 2139 T
382 2107 418 2139 or.
440 2091 521 2139 Andr.
541 2091 578 2139 IV
597 2091 621 2150 2,
635 2089 681 2138 23:
702 2091 757 2139 ‘Ne'
775 2108 824 2154 pro
845 2089 958 2143 ‘nednrn'.
978 2096 1020 2138 rent
1039 2088 1181 2137 orioerlriunr
1199 2094 1237 2137 ert

97 2159 267 2222 prohibentis.
290 2161 366 2206 nteit
386 2169 428 2207 ‘ne
448 2157 517 2207 ruin'.
554 2161 688 2207 Sallustius
705 2159 816 2207 serundo
834 2157 913 2206 libra:
937 2173 970 2206 ne
995 2156 1044 2205 illa
1062 2161 1139 2204 tauro
1159 2156 1238 2219 paris

82 2228 162 2291 aiut,
180 2243 229 2289 pro
249 2227 374 2274 ‘nerlunr'.
401 2253 429 2259 —
455 2226 514 2275 lloe
540 2226 722 2288 sragrnentmn
740 2225 861 2273 Kritzlus
883 2231 911 2273 et
930 2223 1004 2274 (ierl.
1028 2221 1130 2272 nullam
1154 2222 1237 2271 aliam

98 2294 132 2340 ob
152 2309 277 2342 caussam
297 2309 356 2341 earn
374 2292 391 2340 8
409 2293 582 2347 emaimmere,
601 2293 654 2340 nisi
674 2292 743 2356 quod
762 2292 789 2340 in
802 2299 916 2356 utroque
929 2294 999 2340 tauri
1010 2289 1171 2340 vocabalum
1186 2294 1236 2338 est.

98 2362 167 2410 Nara
187 2376 255 2424 spirae
274 2360 411 2409 sortientia
430 2367 503 2409 esset
522 2361 619 2423 quique
639 2374 733 2418 rrexus,
753 2359 891 2424 explicare
904 2375 933 2407 se
946 2370 1025 2423 posse
1044 2356 1236 2421 desperavere.

99 2427 165 2476 Caua
184 2444 215 2477 ne
233 2444 281 2492 pro
299 2429 387 2475 aedunt
410 2426 511 2476 ‹lietara
531 2443 591 2476 rasse
611 2428 735 2475 Donatus
754 2425 941 2485 tradnt‚'nilril
966 2425 1053 2474 eoniei
1077 2423 1159 2483 lieet,
1184 2423 1237 2473 nisi

98 2510 168 2559 (pirae
189 2495 250 2544 aliis
269 2494 365 2543 bisatiis
383 2494 485 2544 viribus
504 2495 635 2543 iuferiora
648 2499 749 2549 essent.
769 2494 853 2543 nndto
871 2494 959 2542 nriuus
975 2498 1053 2541 tauro
1065 2508 1146 2556 posse
1160 2491 1238 2555 paria

98 2563 214 2620 eenseri,
234 2579 298 2625 ergo
318 2563 351 2610 de
370 2561 534 2610 animalibus
552 2563 653 2611 dietum
672 2562 771 2620 irrisae,
797 2576 907 2624 quornm
926 2561 1007 2608 robur
1024 2575 1073 2624 per
1090 2559 1238 2638 scriptores

97 2630 156 2678 sire
176 2630 325 2678 rnrnoribns
343 2629 417 2691 volgi
431 2629 459 2676 in
473 2629 635 2679 inmodicum
656 2635 764 2678 anetum
783 2635 866 2685 esset,
886 2627 955 2691 quod
975 2642 1026 2690 quo
1044 2625 1155 2675 seeaurdr
1175 2624 1238 2675 libri

98 2697 158 2746 loeo
178 2697 280 2746 saetam
301 2697 397 2755 inerit,
422 2695 535 2744 ‹liiiieile
561 2702 602 2744 est
626 2697 660 2745 ad
679 2694 830 2744 dieendarn.
868 2698 915 2742 n'et
933 2709 987 2744 nou
1004 2708 1113 2758 possam
1132 2691 1237 2757 subpri-

99 2781 170 2813 rnere
190 2764 381 2828 suspicionem.
403 2779 445 2827 ap.
467 2765 535 2812 lion.
557 2774 583 2812 et
601 2778 738 2811 rraurerunr
758 2762 819 2810 libri
840 2763 939 2811 falsane
958 2766 985 2809 et
1003 2760 1087 2810 verba
1106 2764 1239 2824 conrupta

99 2848 173 2889 aare,
194 2839 275 2894 atrpre
294 2837 496 2879 eonrneurorata
516 2832 600 2879 inisse
619 2831 704 2880 rerba
723 2829 783 2878 Cat.
806 2829 850 2886 ll.
870 2829 886 2876 8
908 2846 939 2877 ne
957 2831 993 2877 iiii
1010 2830 1189 2890 temperarint,
1208 2832 1239 2874 ut

100 2900 134 2946 ab
149 2915 180 2947 eo
195 2899 297 2962 aliquid
310 2898 468 2946 nunrinrenii
482 2899 603 2963 aeeipiat
615 2897 778 2957 emendatio,
798 2913 877 2960 quam
891 2897 929 2944 ibi
947 2895 1084 2960 proposui.
1257 2898 1262 2914 “

184 3017 250 3075 *rb
274 3015 334 3095 [lir.
358 3024 395 3072 ta.
423 3022 452 3073 o.
472 3015 527 3095 16].
570 3016 733 3075 Perrexere
762 3017 789 3074 iu
812 3014 980 3093 llispaniam
1003 3031 1038 3072 an
1061 3012 1235 3073 Sardiniam.
1275 3013 1284 3024 '

183 3127 258 3175 Serv.
280 3126 314 3174 ad
332 3127 414 3189 Verg.
434 3128 500 3174 Aen.
523 3125 614 3173 1:329:
640 3129 684 3173 aiii
706 3132 785 3173 antem
806 3119 869 3188 [ran]
893 3126 1088 3172 coninua-tionem
1110 3124 1238 3172 disiuncti·

97 3211 151 3242 eram
169 3198 265 3249 noiant,
285 3200 310 3240 ut
330 3194 477 3242 Saitamins:
500 3208 643 3256 perrexere
677 3219 694 3226 -
714 3192 877 3240 Sardiniam.
914 3190 986 3251 Quin
1008 3190 1078 3238 lraee
1101 3190 1187 3239 rerba
1204 3188 1237 3238 de

99 3261 222 3326 reliqniis
240 3261 373 3325 Lepidani
394 3261 529 3308 (exereitus
547 3260 622 3309 ‹lieta
639 3261 741 3309 inerint
759 3260 802 3308 rix
816 3258 936 3307 dubitari
949 3258 1056 3306 ridetur
1068 3273 1156 3320 posse.
1190 3256 1238 3305 Ser

100 3345 152 3377 non
171 3336 273 3377 temero
293 3328 358 3375 milri
377 3328 501 3375 eoaieere
522 3328 624 3381 videor,
645 3327 747 3390 aliquid
764 3332 825 3391 post
843 3325 892 3375 illa
905 3325 991 3374 rerba
1004 3324 1138 3372 exe-idisae
1153 3323 1237 3372 relnti

99 3400 124 3443 in
144 3398 294 3459 Hispaniam
313 3412 345 3442 an
364 3395 508 3442 Sardiniam
526 3411 616 3457 parurn
634 3400 793 3457 rapiorotum
811 3401 861 3443 est.
887 3392 979 3456 itaque
1004 3392 1032 3438 iu
1056 3407 1174 3439 errorem
1196 3393 1237 3438 ia·

99 3464 209 3513 ‹lueinnr
228 3479 288 3510 esse.
308 3463 524 3524 grarnruaiienrn.
561 3463 629 3510 Naar
643 3478 675 3510 an
694 3462 733 3509 sie
748 3477 794 3524 pro
807 3458 972 3508 ‹lisiunetira
986 3457 1123 3523 particula
1136 3457 1237 3505 dietum

100 3530 219 3592 volgaris
238 3531 326 3595 potins
345 3536 432 3577 estet
451 3530 627 3593 posteriorum
652 3529 783 3576 sermonis
807 3526 906 3587 tnrirlta
925 3526 952 3573 in
971 3526 1029 3573 (lie.
1050 3523 1174 3588 epistulis
1193 3538 1237 3572 ex·

100 3597 206 3662 errrpln)
234 3606 261 3645 et
284 3613 392 3660 seraper
415 3603 506 3644 tauron
530 3597 753 3660 interrogatiranr
778 3595 831 3642 rinr
850 3594 957 3642 retinet.
995 3592 1072 3640 l'erri
1091 3598 1166 3640 certe
1184 3605 1238 3639 non

100 3674 202 3729 potest,
222 3666 274 3713 nisi
293 3665 349 3712 talo
369 3663 472 3727 aliquid
490 3671 611 3712 seeanun
631 3680 691 3712 esse
715 3668 880 3710 statuamus:
906 3663 934 3709 iri
956 3664 1020 3708 enirn
1036 3676 1127 3722 parum
1144 3665 1239 3706 eertum

99 3740 145 3779 esi.
181 3732 213 3780 ln
232 3733 287 3780 ani
307 3732 340 3779 ir.
359 3730 409 3779 463
432 3731 474 3779 ed.
495 3731 574 3780 ltibb.
599 3747 625 3795 p.
647 3730 695 3779 loo
718 3728 761 3779 rel
785 3744 880 3778 versus
903 3728 974 3776 ratio
992 3725 1159 3790 postularat
1178 3740 1237 3775 eum

99 3800 195 3849 llotlrio
215 3800 350 3848 adiciatur
366 3802 455 3847 elnam.

188 3918 217 3975 li
248 3916 307 3996 [ΚΓ.
328 3923 366 3972 li.
388 3920 417 3972 d.
434 3915 490 3994 51}
522 3915 707 3995 [l‘ornpeius]
732 3934 800 3975 earn
821 3912 969 3974 alacribus
985 3911 1075 3978 salta,
1098 3929 1166 3970 eum
1190 3928 1238 3968 re-

99 4018 213 4078 loeibus
236 4036 340 4084 eursu,
362 4036 428 4075 eunr
452 4015 551 4075 validis
574 4025 655 4076 reete
676 4014 817 4075 certabat.

184 4128 281 4175 lteiert
300 4127 368 4174 baee
388 4126 484 4188 l'eget.
505 4126 530 4173 d.
551 4142 571 4173 r.
591 4126 646 4174 rnil.
661 4126 699 4174 lo
717 4131 785 4173 extr.
805 4121 974 4187 praemissis:
996 4121 1033 4168 lie
1051 4120 1176 4169 exereitio
1190 4117 1237 4168 Gn.

102 4196 205 4258 Pompei
224 4195 314 4257 rllnpni
330 4195 455 4242 Salumias
473 4193 519 4241 doe
536 4200 664 4242 rnernorot.
700 4192 777 4252 erae
797 4192 825 4238 in
843 4206 876 4238 eo
894 4187 954 4237 loeo
972 4187 1063 4252 posita
1081 4186 1173 4239 irrisae,
1192 4185 1238 4234 abi

100 4263 132 4309 de
153 4262 281 4326 Pompeio
301 4261 334 4309 ad
354 4260 454 4307 ladlnrn
474 4261 658 4308 Sertorianum
677 4259 759 4306 nrisso
778 4258 879 4306 ‹lie-turn
899 4261 974 4313 erat,
999 4254 1067 4302 saitis
1090 4252 1238 4317 probabili-

100 4335 142 4377 ter
161 4345 193 4378 ex
212 4329 302 4378 verbis
317 4344 333 4376 a
352 4327 467 4390 Vegetio
486 4328 601 4376 adiectis
620 4326 767 4375 eonieitur:
786 4340 865 4390 neque
883 4326 946 4372 enim
964 4325 1004 4398 rite
1023 4325 1099 4371 aliter
1113 4322 1239 4385 proturbaret

98 4413 149 4459 par
167 4413 222 4446 erre
240 4396 367 4446 Sertorio.
386 4397 506 4444 misirere
525 4403 548 4443 et
566 4411 625 4444 arros
641 4395 731 4443 milites
745 4391 923 4459 frequentibus
935 4393 1067 4441 exereitiie
1081 4403 1239 4454 praeparas·
1274 4426 1279 4433 .

463 4470 466 4476 '
1083 4462 1092 4489 l

169 4495 304 4548 Ssnrrsr.
324 4511 369 4545 nn.
387 4496 524 4545 Durrecn.
561 4495 597 4544 11.
708 4548 713 4557 Ι
1016 4474 1036 4538 3
