2768 5010
122 381 163 446 70
461 400 766 446 eonunnrsnrouuu
791 399 864 445 aar.
884 400 929 445 iv.

121 557 316 634 inprobandam
340 556 475 613 riderico
498 557 587 614 miuus
609 557 703 615 timide
724 554 871 620 confiteor.
898 557 972 631 quuil
992 556 1025 617 lt.
1048 555 1191 619 Hertaius,
1218 555 1264 631 qui

122 659 294 735 quambene
323 658 456 715 Linlierus
484 658 517 716 de
539 658 670 716 Sallustio
690 659 821 716 nieruenit
848 676 953 716 meeum
984 659 1138 735 praedicat.
1165 657 1263 715 Philol.

120 763 166 820 Xll
187 769 205 822 2
226 782 252 839 p.
276 768 328 824 378
349 762 480 818 advorsus
502 779 561 818 caui
582 760 738 837 disputavit.
784 763 821 819 lle
847 762 965 837 primuni
994 760 1103 836 quidem
1128 760 1264 834 sandius

120 881 246 939 urpuere
268 883 357 938 noque
379 864 486 938 legibus
509 865 644 921 sernronis
661 864 740 921 latini
766 882 855 939 neque
882 864 1071 922 consuetudini
1100 854 1263 938 repugnare,

120 968 249 1044 exemplis
273 968 324 1024 iaui
347 967 482 1042 paralius
505 965 621 1023 conlatis
642 967 729 1023 Pleut.
753 967 812 1022 Cas.
834 967 856 1021 V
876 975 907 1031 3,
929 974 947 1026 4
967 966 1050 1040 (183)
1074 969 1154 1022 omrai
1174 967 1264 1023 modis

120 1073 224 1128 miser:
245 1073 286 1127 ita
312 1070 476 1142 manufesta
492 1067 629 1142 famulus
651 1076 763 1138 teneor,
789 1069 842 1126 Cic.
861 1086 902 1144 pr.
925 1068 1031 1125 Cluent.
1054 1070 1263 1132 3181111111

119 1176 345 1232 conciliationem
366 1175 480 1246 pratiae
502 1171 636 1227 Staienus
661 1179 720 1228 tum
741 1175 851 1228 recenti
875 1188 922 1240 rc,
948 1189 1013 1228 eum
1035 1170 1174 1244 faucibus
1194 1186 1264 1245 pre·

120 1283 256 1346 meretur,
281 1277 462 1348 excopitaoit,
482 1273 538 1330 Val.
554 1272 620 1330 llas.
640 1274 662 1328 V
677 1281 702 1336 3,
718 1280 735 1333 2
749 1277 800 1346 qui
810 1275 953 1347 pestifera
974 1275 1015 1333 Ti.
1034 1273 1163 1331 Cracchi
1176 1290 1264 1331 manu

117 1379 255 1453 saucibus
278 1379 444 1450 obpressum
467 1376 511 1450 (al.
527 1377 751 1451 adprehensam)
774 1391 834 1432 reru
847 1378 993 1448 publicam
1008 1379 1193 1450 stranputari
1207 1393 1265 1434 non

117 1498 225 1554 passus
245 1486 295 1548 est,
318 1480 386 1554 ipse,
408 1480 498 1542 ciuile,
519 1478 653 1535 liulierus
672 1479 791 1552 ingenue
812 1478 951 1535 concedet.
991 1479 1060 1536 'lum
1080 1480 1134 1536 etsi
1153 1480 1262 1537 Cicero·

120 1585 162 1640 nis
185 1583 275 1640 loeuiu
299 1580 431 1656 quandiiu
453 1600 514 1638 cunr
536 1581 561 1636 li.
585 1580 697 1636 Sallusti
724 1580 928 1637 similitudinem
952 1579 1051 1637 habere
1079 1599 1161 1638 nemo
1180 1598 1265 1655 nega·

120 1686 175 1749 eit,
207 1694 295 1741 tamen
326 1701 394 1757 ipuae
424 1683 573 1740 intercedat
595 1683 740 1740 diversitas
769 1685 934 1747 nen21ninus
960 1682 1188 1741 coiisiileranilum
1211 1690 1264 1741 est.

120 1786 225 1862 Quippe
254 1786 306 1842 Cia.
336 1784 382 1841 illa
409 1785 491 1847 111111,
522 1802 583 1841 erim
611 1786 704 1860 copias
733 1785 763 1840 C.
792 1785 906 1843 llanlins
929 1803 1078 1860 coiiparare
1105 1785 1264 1861 incepisset.

120 1888 235 1945 Catilina
249 1888 389 1945 etiaintuin
411 1887 437 1943 in
461 1887 529 1944 irrito
551 1891 624 1943 esset
649 1897 731 1962 atque
750 1887 817 1943 aileu
837 1888 863 1944 in
886 1897 1010 1945 senatum
1031 1887 1122 1944 venire
1141 1889 1265 1953 auderet.

120 1991 194 2055 Cato,
218 2008 279 2048 curn
304 1989 418 2045 Catilina
440 2007 500 2045 curu
523 1990 642 2046 exercitu
667 1990 699 2045 aii
720 1989 814 2046 iirlrein
837 1990 1010 2053 adventaret,
1039 1990 1141 2064 quique
1167 1990 1203 2047 ab
1229 2008 1263 2047 eo

120 2093 208 2151 relieti
231 2099 317 2155 erant,
341 2101 388 2148 ant
408 2092 589 2167 ceirprelrensi
612 2099 704 2148 esseut
723 2099 769 2148 aut
790 2091 988 2166 pirailiigisseut.
1031 2091 1155 2149 Ciceroni
1178 2093 1266 2166 igitur

119 2203 207 2253 eastra
229 2196 257 2251 in
277 2195 400 2251 faucibus
422 2194 546 2251 Etruriae
568 2193 659 2267 posita
679 2211 740 2251 esso
762 2194 851 2250 elicere
874 2194 964 2259 licuit,
986 2196 1052 2251 Catu
1074 2204 1149 2251 reete
1170 2193 1265 2251 Catili·

119 2316 180 2355 riam
202 2316 262 2354 euru
284 2297 403 2354 exercitu
423 2295 546 2353 laucilius
565 2313 683 2370 urguere
698 2296 779 2361 iliait;
801 2296 894 2353 Cicero
916 2297 1011 2354 ducein
1032 2295 1105 2352 illius
1126 2297 1264 2353 exereitus

120 2400 147 2455 in
172 2408 269 2457 serrata
291 2399 385 2455 sedero
406 2399 496 2454 dicere
520 2398 624 2473 potuit.
654 2397 733 2460 Catu,
760 2416 922 2473 quamquain
951 2401 1092 2455 Caesareus
1120 2399 1148 2454 in
1172 2398 1265 2475 suspi-

118 2502 225 2558 cionem
247 2501 350 2557 recavit
373 2499 415 2572 (S.
441 2499 502 2572 ro),
535 2509 624 2557 tamon
653 2500 848 2574 conprehensis
871 2501 1040 2575 principibus
1061 2500 1264 2559 coniurationia

119 2603 142 2659 si
163 2603 231 2659 aileu
255 2603 282 2658 in
303 2609 399 2659 senatu
419 2601 512 2672 hostes
531 2602 653 2658 ailsiilere
674 2602 795 2663 elisisset,
819 2602 1036 2677 obstrepentium
1057 2600 1177 2659 tuniultu
1200 2618 1265 2679 petr·

118 2704 210 2761 eulsus
234 2704 313 2760 iniret.
355 2703 423 2759 lllud
443 2712 548 2760 centuni
568 2712 623 2767 est,
645 2706 717 2778 quiuil
741 2722 783 2778 ap.
807 2703 859 2760 Cic.
880 2707 910 2760 in
932 2712 1034 2760 screatu
1053 2703 1189 2779 scriptum
1210 2711 1264 2771 est,

118 2805 184 2861 niliil
211 2823 322 2862 caussae
346 2805 488 2879 praebere,
517 2823 566 2862 eur
593 2824 635 2880 ap.
664 2805 727 2862 Sall.
759 2806 829 2862 idean
859 2806 1056 2863 restituendum
1084 2805 1264 2865 arbitremur.

118 2908 243 2964 Ceteruur
264 2907 307 2964 liis
331 2906 419 2963 verliis
440 2906 567 2982 explicari
583 2910 708 2980 undique
729 2910 916 2965 circumventi
928 2925 1028 2965 seimus
1042 2926 1128 2983 eaque
1146 2926 1267 2984 respui».

116 2975 181 3066 dilrc
201 3009 256 3066 illis
279 3027 348 3084 quae
376 3010 403 3081 S.
426 3016 461 3068 li
484 3008 556 3065 dieta
583 3019 646 3066 sunt
675 3012 739 3067 dnm
770 3012 892 3067 hostium
920 3028 985 3067 cum
1011 3012 1144 3067 exercitu
1167 3026 1265 3085 saepen¹

117 3121 206 3183 caput
223 3121 274 3181 est,
295 3121 351 3169 turn
376 3112 541 3168 variantibus
566 3113 689 3170 coilieuni
712 3130 860 3188 paucorum
884 3114 1028 3188 seripturis
1049 3111 1117 3168 uiliil
1139 3112 1265 3171 tribuen-

117 3215 181 3270 dum
199 3232 266 3278 csse.
291 3215 418 3289 quoniam
437 3214 548 3289 eirpriose
566 3223 647 3288 alapiae
665 3216 791 3272 acicurato
809 3215 933 3272 llertzius
949 3215 1083 3291 exposuit,
1106 3216 1264 3275 omittunt·

117 3325 195 3392 puto.
240 3318 287 3373 Set
307 3319 330 3372 is
353 3317 411 3391 ipse
434 3320 512 3373 intra
535 3319 646 3373 moenia
669 3325 755 3391 atque
785 3326 813 3373 et
835 3320 915 3376 tarbis
936 3319 1043 3375 sulnlita
1063 3334 1124 3374 esse
1145 3317 1265 3377 arbitra·

118 3428 162 3476 tus
179 3428 230 3476 est.
276 3419 312 3474 lle
342 3420 421 3474 urbis
449 3418 578 3491 (puerariam
600 3418 628 3479 Q
652 3420 768 3484 omittit,
796 3421 933 3484 concedo,
967 3420 1077 3478 relicuis
1104 3420 1172 3477 liaeo
1195 3420 1264 3479 milii

117 3523 242 3578 ridentur
265 3521 380 3577 obstare¹
421 3522 540 3577 Prirnuru
563 3522 683 3579 omniurn
706 3522 868 3595 ubicumque
884 3525 913 3578 iu
933 3526 998 3579 sinu
1019 3537 1080 3577 esse
1101 3522 1135 3577 ue
1149 3522 1263 3583 tramine

116 3625 223 3686 elicitur,
243 3641 351 3697 semper
370 3623 505 3697 signifieat
528 3624 556 3679 in
578 3623 712 3698 conplexu
734 3623 791 3697 (aut
810 3624 837 3680 in
860 3625 953 3680 intima
975 3623 1168 3697 lanriliaritatc)
1188 3640 1262 3689 esee,

116 3726 169 3782 Cir.
192 3726 243 3782 Cio.
268 3744 309 3800 ep.
330 3726 362 3781 ad
382 3726 444 3782 iana
467 3724 521 3781 lilV
539 3732 564 3789 4,
585 3734 602 3786 3
625 3725 723 3782 Cicera
746 3742 826 3782 meus
846 3728 916 3798 quid
935 3734 1018 3799 apat?
1055 3725 1114 3782 Iste
1136 3741 1206 3782 aero
1224 3728 1263 3785 su

115 3831 145 3885 in
166 3830 232 3884 sinu
253 3844 366 3899 seraper
386 3836 413 3884 et
434 3830 579 3899 conplexu
600 3845 660 3885 mee
689 3829 828 3902 (similiter
850 3846 882 3885 ea
903 3830 1047 3885 eoniuneta
1070 3836 1134 3884 suut
1155 3827 1182 3884 in
1202 3828 1261 3885 tat.

116 3931 138 3986 ll
160 3939 199 3992 10.
220 3936 254 3989 22
277 3930 323 3986 utu
344 3929 465 3986 lluretus
488 3931 699 3988 obscaenitatem
717 3932 850 4006 qiiuudaiu
867 3932 957 3988 inesse
975 3940 1048 3988 recte
1066 3930 1162 3986 sensit.
1190 3929 1259 3989 Atltl.

117 4033 144 4088 in
165 4032 240 4088 Vere
259 4032 305 4087 lib.
329 4031 339 4087 l
362 4041 401 4094 10,
417 4039 450 4093 27
471 4035 694 4090 caliimniateres
717 4049 755 4088 eu
776 4037 841 4090 sinu
865 4050 917 4089 sno
941 4031 1092 4106 adposuit),
1115 4032 1260 4100 111011.

117 4134 138 4189 ll
160 4142 199 4196 13,
225 4142 237 4192 1
262 4136 296 4190 ele
317 4134 451 4206 Pompeio
474 4123 621 4192 adsentior
643 4137 701 4203 tilii,
725 4138 768 4192 eet
789 4143 819 4192 tu
837 4139 933 4207 potius
952 4137 1028 4191 milii.
1061 4135 1136 4191 Nam
1156 4141 1188 4191 ut
1201 4135 1260 4193 scir

116 4238 173 4290 iam
192 4238 307 4307 [amdam
327 4239 410 4292 istum
428 4244 513 4294 canta
537 4239 699 4294 Caesarem.
743 4238 817 4294 Mitu'
835 4241 928 4301 create,
952 4241 981 4295 in
1001 4242 1067 4295 sinu
1088 4245 1146 4305 cst,
1165 4250 1259 4311 nequo

118 4352 169 4409 epo
186 4320 339 4409 discinper.
382 4338 439 4406 Qua
464 4357 493 4395 re
515 4339 567 4395 nisi
587 4340 688 4415 aliquiil
712 4341 831 4403 ailarcilat,
853 4343 882 4396 in
906 4344 971 4397 sinu
999 4341 1033 4397 de
1052 4338 1118 4395 urbo
1140 4356 1196 4395 nou
1218 4337 1260 4395 111·

118 4436 277 4512 tellegctur.
306 4446 388 4513 atque
417 4441 484 4497 aileu
515 4442 561 4516 qui
588 4442 711 4500 laucilius
739 4450 856 4518 urgueat
884 4443 1000 4520 propior
1020 4459 1082 4499 esse
1111 4440 1259 4509 videbitur,
