2768 5010
405 362 708 405 conunurnrmuun
733 361 804 403 cer.
827 364 848 403 ι.
1162 346 1201 405 15

96 523 144 569 nata
161 524 254 577 esunt,
284 516 402 577 latuere.
431 516 495 572 duni
524 526 631 592 reperta
660 525 689 573 et
720 525 777 573 turn
803 516 844 572 rel
873 515 961 572 mutili
989 514 1052 572 libri
1082 515 1201 590 subpleti

96 615 127 670 rel
144 619 192 672 neri
211 617 345 692 pleniores
365 627 467 674 exarati
489 628 562 679 sunt.
584 635 676 675 nonne
698 626 726 674 et
750 635 805 691 elne
819 619 901 674 nrode
923 620 1022 675 lactum
1045 619 1082 673 sit
1102 626 1133 674 nt
1156 618 1201 674 illa

95 734 143 789 pars
160 728 241 793 pastea
266 721 374 776 inventa
397 719 507 775 relicuis
535 720 661 776 vitiosior
687 721 725 776 sit
755 727 781 777 ct
806 738 855 777 cur
883 722 1029 777 seeundum
1057 738 1144 790 gertus
1172 721 1200 777 iu

94 821 169 874 nuris
180 821 294 894 partibus
312 821 347 877 ab
362 823 451 896 prime
461 840 561 896 genere
579 839 634 878 nun
652 824 688 877 ita
701 821 846 896 discrepet,
858 822 966 896 planius
982 832 1064 896 atque
1077 823 1199 896 apertius

93 929 133 981 est
148 940 213 994 quan
236 924 258 979 si
280 942 357 979 suani
381 924 480 998 cuique
503 926 637 996 originem
660 925 745 980 inisse
766 925 888 979 statuas?
937 925 975 980 bd
1004 941 1084 996 quarn
1110 925 1199 998 suspi-

41 1068 44 1073 .
92 1022 171 1079 cienen
189 1024 393 1081 confirmandam
416 1026 498 1081 etiarn
521 1026 587 1082 illud
609 1027 743 1100 pertinet,
766 1027 839 1100 qrred
862 1028 913 1082 ianr
936 1033 997 1081 ante
1013 1012 1097 1100 ‘quarn
1128 1026 1199 1081 trude

94 1125 159 1179 eureis
175 1125 261 1182 lacuna
281 1126 438 1201 expleretur
448 1112 592 1183 'intentum
611 1137 693 1190 esset,
717 1127 843 1183 librarios
863 1145 932 1201 qrrae
950 1128 1076 1183 deessent
1093 1128 1199 1200 qrraesi-

92 1225 144 1281 urse
155 1229 291 1285 usterrdunt
306 1228 369 1284 libri
388 1224 485 1289 l’²l'³‘B‚
509 1230 535 1284 iu
552 1231 651 1303 quibus
666 1249 699 1286 en
714 1230 785 1285 libre
804 1230 863 1285 eius
880 1229 996 1302 generis,
1012 1229 1091 1285 cuius
1105 1237 1147 1283 cst
1160 1228 1198 1291 Q,

90 1325 162 1382 bertr
186 1331 269 1384 eratin
291 1349 315 1407 ρ.
335 1339 384 1390 110
405 1331 556 1405 perscripta
580 1332 730 1394 ineundum
753 1349 841 1405 rrcirue
862 1330 1019 1387 incredibile
1042 1340 1085 1386 est
1105 1331 1199 1387 arebe-

90 1429 134 1501 tyei
149 1429 186 1485 illa
203 1430 275 1493 lolia,
300 1432 420 1505 errramris
443 1433 612 1494 excidissent,
636 1441 724 1489 tamen
748 1450 803 1489 nen
824 1432 912 1488 deleta
934 1450 1002 1488 csse.

152 1531 211 1588 llaec
233 1534 318 1607 igitur
340 1551 398 1589 ntea
415 1534 550 1590 sententia
570 1543 621 1595 est,
644 1552 677 1590 ex
695 1535 844 1609 archetype
866 1552 927 1590 curn
951 1534 1114 1590 excidissent
1130 1551 1198 1590 neu·

87 1630 142 1687 nulle
159 1635 224 1696 iulia,
246 1636 327 1709 priuri
350 1636 460 1709 generis
485 1635 570 1692 libres
597 1638 770 1711 certuriptes
797 1655 870 1698 esse,
900 1644 956 1692 terne
978 1654 1040 1692 eurn
1064 1636 1129 1691 iulia
1153 1635 1198 1692 illa

86 1744 168 1806 nuru
186 1746 284 1800 essent,
308 1737 423 1793 alterurn
446 1756 532 1809 genus
556 1747 648 1795 natunr
663 1756 732 1801 esse,
755 1746 896 1812 perstrenue
919 1755 951 1792 ex
973 1739 1094 1811 margine
1117 1738 1197 1793 rerba

86 1833 121 1889 dla
137 1838 177 1891 trin
199 1838 252 1911 lug.
270 1847 314 1900 Η.
334 1849 351 1897 5
375 1840 402 1894 in
428 1847 531 1895 textunr
556 1841 700 1915 seripturis
722 1848 829 1914 recepta
852 1857 920 1894 esse.
961 1838 1033 1907 tJnac
1052 1840 1197 1899 sententia,

85 1936 103 1988 si
119 1938 182 1994 etiarn
201 1939 293 2015 plnres
317 1940 379 1996 libri
401 1943 501 2016 reperti
527 1942 567 1998 rel
590 1941 749 2014 diligentins
769 1940 903 2016 explorati
926 1941 1041 2001 luerint.
1064 1949 1110 1995 arnt
1132 1958 1197 1997 eun-

84 2035 206 2096 lunubitur
219 2048 265 2097 nrrt
282 2042 456 2116 infringetur.
489 2043 599 2099 lnterirn
617 2061 671 2117 ‘l¹¹⁰
689 2044 746 2098 iure
762 2044 826 2099 nrilri
842 2043 910 2099 banc
925 2042 1014 2116 legent
1031 2043 1196 2116 scripserim,

83 2147 108 2192 nt
127 2143 167 2196 nisi
192 2147 326 2201 sententia
356 2145 491 2205 obstaret,
518 2146 625 2203 cedices
652 2146 860 2201 vetustissunrus
884 2143 1037 2217 sequendus
1064 2153 1196 2218 putarent,

83 2238 174 2298 leniredi
195 2244 310 2302 lectores
334 2247 461 2302 iudicent.

564 2718 633 2796 Cap.
659 2717 693 2777 ll.

83 2893 130 2967 lle
155 2898 239 2976 loeis
276 2903 314 2976 in
347 2903 487 3002 quibus
523 2903 669 3002 aliquid
705 2902 892 2977 excidisse
927 2903 988 2977 vel
1022 2903 1088 2977 atii
1122 2905 1196 2978 viri

177 3038 273 3114 docti
303 3040 522 3116 iudicarunt
548 3039 611 3114 vel
639 3067 711 3139 ego
740 3041 956 3140 suspicatus
987 3068 1080 3115 suni.

147 3266 194 3319 t'at.
213 3274 243 3327 3,
263 3277 280 3327 5
301 3276 329 3323 et
357 3267 403 3323 alii
432 3268 481 3323 riri
501 3268 574 3323 ducti
604 3277 631 3323 et
655 3267 712 3341 ipse
740 3286 792 3341 erge
818 3266 882 3323 elim
903 3269 1000 3342 cupide
1029 3269 1195 3343 aelripuirnus

78 3361 214 3435 scripturam
236 3369 433 3426 nonnullnrunr
455 3370 588 3426 librerrun
610 3371 709 3425 eedem
732 3387 820 3456 qaia..
839 3368 884 3424 Set
907 3378 981 3425 recte
996 3370 1078 3424 berne
1096 3370 1196 3424 dicitur

76 3461 171 3535 dienen
188 3472 304 3540 probris
318 3473 447 3527 amnibus
471 3474 684 3542 maledictisque
705 3488 816 3528 nexare
840 3470 903 3543 (uic.
920 3489 960 3544 pr.
980 3470 1066 3526 l'lace.
1083 3478 1125 3531 20.
1142 3470 1195 3542 48),

74 3582 103 3617 ²¹¹
129 3568 258 3626 Sallustius
283 3572 316 3626 de
341 3574 467 3647 cupidine
499 3574 612 3629 bnnuris
640 3575 710 3630 idenr
738 3573 837 3628 dixerit
867 3583 920 3629 tant
948 3574 995 3628 diu
1018 3573 1194 3628 dubitnndurn

73 3665 168 3727 siletur.
187 3673 248 3728 dnm
271 3673 352 3728 sinuli
377 3675 500 3748 enerulde
522 3675 631 3749 prelato
659 3684 796 3731 estenturn
820 3675 902 3730 inierit
926 3674 1106 3729 llnrrraunrurn
1130 3674 1197 3729 scri·

71 3774 151 3839 {sternes
171 3774 307 3846 pedestres
324 3777 405 3832 aniuri
428 3777 570 3851 crudelitati
588 3778 622 3839 id,
646 3778 718 3850 quiid
741 3777 840 3850 aliquis
861 3776 958 3849 agendi
974 3794 1022 3830 sua
1041 3776 1146 3830 ratiene
1163 3775 1196 3831 ab

71 3869 109 3923 ille
127 3876 263 3948 crrpiditate
288 3879 412 3951 prolecta
438 3880 510 3952 apud
533 3878 603 3935 alios
625 3878 749 3935 lrnnrines
779 3879 830 3932 sibi
853 3878 1050 3935 erirrtraxisset.
1076 3876 1196 3932 tribuen-

67 3972 122 4027 dunt
139 3985 249 4048 pertnsse.
286 3981 324 4035 dc
345 3997 406 4034 enm
429 3963 585 4054 eptunrflet
604 3981 797 4036 ·retustissurni
818 3980 880 4035 libri
903 3982 1001 4035 cedem
1025 3993 1100 4049 quae
1123 3978 1197 4033 erdri-

66 4072 144 4133 bunt,
164 4096 250 4135 nenne
273 4079 406 4137 alilatiius
428 4081 462 4136 ab
484 4083 525 4137 eis
550 4083 669 4156 scriptus
693 4084 812 4141 ricletnr.
834 4083 879 4155 qui
904 4081 1055 4136 arationem
1080 4079 1196 4135 hinlrarn

65 4184 88 4229 tl
109 4177 293 4237 claudicantem
316 4184 460 4239 emendare
479 4184 640 4239 sttulerentl
679 4183 743 4239 Narn
767 4185 892 4257 prefectu
914 4185 1013 4239 cedem
1034 4198 1108 4253 quae
1131 4183 1196 4236 lierni

64 4296 111 4334 nain
131 4293 224 4354 iterent.
243 4285 295 4340 rusi
320 4285 429 4341 binlaeri
450 4286 565 4347 ratione,
590 4287 635 4360 qui
661 4288 759 4342 cedem
783 4305 833 4360 pro
855 4285 972 4341 ablatire
994 4284 1146 4340 babernlnrn
1170 4292 1197 4338 et

61 4383 89 4437 ed
110 4402 178 4455 qnae
196 4395 307 4443 ceteros
322 4397 413 4443 mente
432 4404 507 4458 quae
528 4388 608 4458 (lama
623 4398 704 4461 atque
726 4388 833 4460 invidia)
848 4394 959 4444 celeres
970 4393 1094 4458 prepter
1109 4388 1199 4442 males
