2768 5010
180 323 223 392 88
520 346 826 397 uonnssnnmonou
852 350 925 396 uss.
945 345 988 399 ιν.

186 488 348 566 inuictum
379 514 434 569 ost,
461 515 491 565 ut
518 526 568 583 pro
597 507 743 565 unirorsuli
770 508 909 583 singulare
936 508 1120 565 substituatur
1144 513 1171 563 st
1200 506 1275 563 utoct
1298 503 1330 563 uri

186 619 293 685 ternpus
320 610 501 685 potissumum
531 613 678 668 reseratur:
709 629 808 667 norom
837 612 862 668 id
890 610 1058 686 exemplum,
1083 610 1156 685 quod
1184 626 1330 683 superiore

187 722 310 788 temporo
333 713 435 768 ruitum
456 721 506 768 ost.
550 712 662 769 Minoris
684 715 813 769 momenti
835 721 892 777 ost,
921 714 994 787 quod
1020 714 1073 769 hoc
1100 728 1157 768 non
1182 720 1258 769 roste
1280 728 1331 786 por

186 822 230 873 set
253 815 403 889 olrponitur
424 832 601 888 pruogrossao
624 815 777 871 sontontiue
801 845 838 855 -
863 816 889 872 iu
913 816 987 889 quod
1008 822 1081 871 ructo
1103 814 1155 869 ium
1178 813 1330 886 {terzogius

187 926 310 974 sonsorut
334 947 382 986 -,
404 918 532 991 quonism
555 934 586 972 so
606 916 753 973 difficultas
777 915 886 973 tollitur
909 916 1045 973 irruitinmu
1065 916 1255 973 emendatione
1278 916 1330 970 sci·

188 1023 260 1077 licet.
304 1022 335 1075 Λῐ
357 1020 464 1092 grurius
488 1027 543 1080 ost.
573 1020 646 1092 quud
668 1020 703 1074 ito
727 1021 824 1075 Caesus
845 1020 904 1094 ipse
925 1020 976 1076 riui
997 1018 1242 1091 arguuuuntutionis
1266 1034 1329 1073 suus

154 1189 162 1204 ·
189 1123 301 1185 minuit,
330 1122 353 1176 si
378 1121 444 1177 itnot
467 1121 633 1197 oxrunpiunr.
661 1122 734 1196 quod
753 1123 914 1178 ‹torreturus
934 1129 976 1178 est
999 1130 1122 1181 serratus.
1146 1120 1250 1176 bonurn
1272 1136 1331 1195 ossp

188 1224 363 1281 terrrrrosserit.
401 1224 477 1291 Quod
499 1224 580 1280 alicui
598 1224 696 1279 morito
712 1223 817 1283 ucuidit.
837 1224 896 1280 irloo
916 1240 971 1280 non
989 1224 1089 1280 bouum
1108 1220 1261 1294 exemptum
1281 1227 1331 1277 ou.

189 1335 228 1383 sut
253 1326 351 1381 mulum
373 1326 482 1399 potins,
512 1344 574 1399 uum
599 1326 668 1381 nem
691 1326 772 1383 otium
796 1327 821 1381 in
844 1326 913 1381 otios
936 1326 1075 1383 statuitur.
1117 1324 1195 1391 Quod
1215 1323 1239 1379 si
1261 1322 1330 1378 (licut

191 1428 291 1484 imnum
322 1426 472 1500 ourunpium
501 1427 624 1483 odituros
643 1445 703 1484 osso
723 1436 879 1487 suuutores.
908 1436 950 1483 sot
978 1429 1100 1484 futurum
1127 1433 1158 1481 ut
1187 1426 1213 1480 iu
1236 1432 1332 1499 postus

191 1530 290 1585 molum
320 1530 374 1587 tint.
401 1528 534 1585 nominum
556 1529 632 1585 tacito
654 1529 687 1585 ub
709 1548 739 1585 on
759 1530 894 1586 sumentia
919 1529 1069 1589 deterrunt.
1098 1543 1192 1583 omnes
1218 1526 1333 1583 abusum

192 1649 246 1687 non
268 1629 366 1685 tollore
395 1648 473 1686 usum
500 1630 631 1695 ciuuront,
664 1633 737 1705 quoii
759 1631 825 1688 utile
849 1631 885 1687 sit
909 1649 981 1687 nuuc
1002 1629 1190 1692 statuendum,
1219 1628 1334 1684 abusum

191 1734 337 1790 carendum
360 1750 429 1787 usse.
475 1731 510 1786 Ex
528 1733 599 1788 ornni
616 1742 705 1788 nutum
726 1732 777 1788 ioci
800 1750 934 1806 connexu
944 1731 1010 1789 illuri
1025 1730 1192 1807 perspicitur
1212 1730 1237 1786 iu
1252 1744 1335 1802 agere

192 1837 341 1895 Causarum,
366 1841 396 1889 ut
419 1851 498 1906 qurum
522 1835 621 1890 nmimn
643 1835 679 1889 sit
701 1834 853 1909 exemplum
876 1834 1043 1907 gravissumo
1062 1834 1202 1893 ostendat.
1227 1838 1260 1887 ut
1281 1838 1336 1887 ter·

193 1954 283 1993 rororn
305 1935 500 1991 utrorissuuuro
521 1936 713 1992 ‹ioruinutionis
733 1936 905 1992 sruutoribus
929 1934 1049 1991 incutiat.
1088 1934 1125 1990 Eo
1144 1943 1272 2008 spectare.
1291 1950 1336 1989 ex·

194 2038 290 2113 rmplu.
314 2056 383 2111 qrruo
407 2046 461 2093 tum
481 2048 679 2099 conmemorat.
707 2039 789 2093 otioru
817 2038 878 2092 iudo
898 2035 1081 2111 intellegitur,
1102 2036 1180 2110 rpuoil
1201 2043 1268 2111 post
1291 2034 1336 2089 itta

194 2141 299 2215 porgit:
320 2143 412 2211 Atque
433 2139 505 2195 hirec
521 2156 571 2211 rou
587 2158 643 2196 non
661 2142 690 2195 iu
704 2139 743 2194 M.
762 2140 854 2194 Tullio
869 2114 960 2211 orpus
974 2140 1019 2195 Iris
1033 2140 1208 2211 tomporibus
1225 2154 1337 2205 uereor,

196 2260 265 2316 qum
286 2242 467 2316 oportissmno
490 2242 548 2297 rius
567 2250 639 2303 suot,
660 2242 705 2314 qui
728 2259 789 2297 runi
804 2230 997 2313 gravissumum
1014 2240 1196 2315 suspicionum
1212 2240 1337 2301 mororit,

197 2344 346 2400 iniustitias
367 2345 468 2399 orirnon
489 2344 616 2417 uciugore
639 2344 755 2399 stuurot.
797 2342 869 2415 Ergo
893 2344 1028 2399 sontontiu
1051 2341 1097 2398 itta
1120 2341 1210 2404 nabot,
1233 2341 1338 2415 inquo

196 2446 295 2502 morito
309 2446 493 2501 uriitrndunrus.
522 2444 561 2499 uo
576 2462 643 2519 quuo
660 2444 772 2505 attondit,
794 2445 867 2518 (puori
881 2444 957 2501 nullu
970 2445 1052 2501 modo
1064 2442 1258 2518 intellegimus,
1274 2443 1339 2517 quid

197 2548 302 2604 unum
331 2547 454 2602 immines
482 2546 611 2608 irrorurit,
642 2556 672 2601 ut
707 2564 768 2603 cum
801 2547 833 2602 ad
860 2549 941 2603 burris
968 2544 1097 2620 subpluro
1130 2548 1276 2618 exemptis
1311 2546 1340 2601 in

196 2658 325 2724 promptu
341 2657 421 2707 ossot.
438 2648 629 2721 pionissuuuuu
650 2648 810 2731 soutontimn
829 2648 993 2722 interpositu
1010 2650 1096 2704 rebus
1115 2654 1340 2721 conrumperent.

198 2751 272 2818 Quor!
298 2750 319 2803 si
344 2765 383 2803 us
401 2751 488 2804 retnis
510 2750 589 2805 bouis
615 2749 731 2823 logitur,
762 2751 924 2806 sontoutium
953 2750 1022 2806 inuno
1049 2767 1108 2806 osse
1129 2757 1221 2823 putot:
1248 2750 1340 2805 omitia

198 2852 266 2907 mutu
287 2851 407 2923 oxornpiu
426 2868 459 2905 ox
474 2853 613 2925 prosporis
631 2870 721 2908 rurum
737 2852 941 2908 ‹zonuitiouibus
957 2860 1017 2907 ortu
1034 2860 1099 2908 sunt
1116 2852 1132 2906 i.
1148 2870 1172 2907 u.
1189 2868 1341 2925 prosperae

197 2971 290 3009 rorurn
311 2952 481 3009 corulitionus
503 2971 611 3027 sempor
633 2954 756 3009 hominos
780 2954 906 3010 induxero
936 2961 966 3009 ut
994 2954 1062 3009 inuia
1086 2952 1207 3027 oxornpia
1236 2961 1342 3011 statuo·

196 3062 268 3115 runt,
290 3053 389 3110 inuium
410 3072 470 3109 osso
493 3056 566 3128 orror!
591 3056 616 3111 in
639 3055 721 3111 ruinis
741 3056 883 3129 pros-puris
908 3055 1009 3111 tronum
1032 3062 1058 3109 ut
1080 3055 1147 3110 utilo
1169 3054 1256 3110 risum
1281 3063 1342 3111 erut

199 3164 294 3230 postus
316 3156 422 3212 (lonium
442 3157 582 3229 coguiluru
605 3166 655 3213 ost.
699 3158 771 3225 Ouiae
791 3157 926 3212 soutoutiu
945 3157 1093 3230 aptissumu
1114 3164 1154 3211 ost
1177 3156 1210 3211 ud
1232 3172 1344 3230 praece·

199 3258 305 3319 riontiu:
325 3276 421 3313 nronuo
440 3277 486 3311 ros
509 3266 539 3313 ut
553 3260 670 3315 curuatis
688 3277 721 3314 no
744 3259 807 3331 quid
830 3258 1012 3315 inconsultius
1028 3258 1165 3319 statuatis,
1184 3274 1218 3312 no
1241 3257 1344 3313 malurn

200 3358 352 3432 exempturo
373 3359 473 3417 ostatis:
502 3378 561 3415 num
586 3380 636 3417 usu
658 3369 820 3433 conportum
843 3369 885 3415 ost
915 3360 1003 3416 omniu
1024 3360 1093 3416 mutu
1116 3358 1251 3433 orompls.
1280 3378 1344 3415 rum

201 3479 244 3517 ros
262 3478 410 3536 prosporuo
432 3462 596 3525 videruutur,
621 3463 691 3517 inlitu
710 3480 783 3525 ossu;
806 3462 954 3535 aptissumu
974 3469 1016 3516 ost
1033 3464 1065 3518 ml
1085 3460 1237 3535 soquoutiu,
1258 3462 1344 3518 morto

201 3582 251 3638 pro
281 3570 323 3618 sut
351 3564 486 3620 suriirutur
509 3567 631 3620 scilieet:
661 3572 757 3619 rmturu
782 3563 886 3619 soilirot
911 3563 953 3621 fit.
989 3571 1018 3618 ut
1048 3581 1146 3619 norum
1180 3561 1344 3636 exemplum,

202 3667 275 3741 «pruni
301 3666 371 3721 futiri
394 3668 432 3721 roi
457 3666 580 3740 politicus
603 3666 759 3723 corulitiono
785 3666 964 3721 ‹torrstitutum
987 3672 1042 3727 ost,
1072 3665 1118 3722 ulii
1152 3664 1289 3739 inperium
1312 3664 1344 3721 ud

203 3770 292 3825 minus
317 3768 403 3823 bonos
421 3769 588 3843 porrorurit.
617 3769 748 3823 urlrorsus
773 3785 827 3822 rum
849 3768 978 3824 rrrnrorrtis
1006 3766 1172 3823 adtribuatur.
1212 3764 1347 3823 Convenit

203 3888 287 3944 porro
316 3888 345 3923 ou
373 3872 506 3925 suntontiu
531 3889 592 3926 rum
618 3868 748 3943 oxonrpiis
776 3869 993 3925 conruomorutis.
1044 3868 1109 3923 ,Num
1140 3883 1201 3923 rum
1231 3867 1346 3940 triginta

204 3971 262 4032 viri,
286 3970 330 4043 qui
355 3971 466 4026 Athonis
488 3972 695 4044 inpostorum
718 3969 792 4025 Sulla
813 3978 971 4044 rocuprroto
992 3987 1021 4025 rs
1037 3968 1145 4043 publicu
1159 3985 1220 4024 oum
1241 3984 1347 4025 summa

205 4071 311 4126 {irrutiu
332 4082 468 4145 potostuto
489 4073 675 4135 oturtoruntur.
694 4074 765 4146 quod
784 4068 910 4131 suintino.
926 4072 1053 4134 sunstuur,
1069 4070 1170 4127 lantum
1184 4069 1272 4127 risum
1287 4078 1349 4127 urat

206 4174 278 4245 qrrort
303 4173 483 4230 soii-issunms
503 4175 553 4229 sibi
578 4176 650 4231 risus
671 4192 776 4231 sununs
799 4173 936 4230 roiuntuto
960 4172 1012 4228 iilis
1032 4173 1207 4247 pormisurut,
1234 4171 1262 4226 iu
1285 4188 1350 4245 pur·

206 4274 301 4330 moiun
323 4293 352 4330 ru·
375 4276 510 4332 nris-orium
526 4294 688 4333 sosimusum
706 4294 766 4331 osso
786 4295 891 4332 sunuuu
910 4293 970 4330 rum
988 4273 1084 4331 doloro
1102 4272 1223 4351 populus
1242 4290 1349 4347 rogno-

206 4375 251 4429 iit.
293 4377 422 4433 tlonronit
440 4377 557 4450 risuique
579 4396 640 4435 cunr
660 4380 747 4435 omnis
770 4376 1014 4451 urgurnoututionis
1036 4375 1221 4435 conclusione.
1260 4374 1349 4439 Nunc,
