2768 5010
387 355 690 401 conununarrouou
715 354 786 399 eur.
810 354 844 400 11.
1147 334 1189 400 29

85 509 148 582 llll
184 509 277 578 enitor
298 511 386 585 igitur
409 509 491 568 simili
510 513 596 588 lapsu,
617 531 672 588 quo
692 514 743 569 iam
761 513 830 569 alios
850 513 876 569 in
896 512 974 569 libris
993 512 1188 569 vetustioribus

85 612 175 667 omibus
194 630 302 669 ornares
326 623 405 671 natos
423 633 483 671 esse
506 615 627 678 illimus,
650 624 713 690 post
736 617 898 672 sioaolando
919 615 1051 672 excidisse
1074 631 1109 670 ac
1131 616 1187 671 dia·

84 713 207 770 mutando
226 718 396 773 statuamus?

141 815 188 888 lup.
217 824 314 879 loo.1
344 819 524 876 vetustiorum
553 819 685 876 librorum
714 818 877 893 scripturam
904 818 977 874 Dein
1005 816 1119 873 Marios
1146 821 1190 874 uti

83 921 222 986 caprario
243 920 508 993 dibemo'propter
529 927 706 978 coiameotum
730 923 761 976 io
784 922 897 993 oppidis
919 921 1079 975 maritumis
1101 935 1188 991 opere

83 1017 212 1076 decorat
233 1038 288 1076 nou
307 1022 343 1077 ita
359 1040 441 1096 posse
462 1023 570 1079 delendi
586 1033 616 1079 ut
637 1021 742 1097 ellipsis
762 1030 898 1078 statuatur
920 1021 1079 1078 rectissume
1095 1030 1187 1078 osteu-

83 1117 110 1171 dit
125 1120 157 1174 ll'.
176 1121 318 1195 liergelius
339 1123 370 1179 n'.
394 1126 461 1180 dnn.
484 1124 582 1181 lilllllll
604 1145 630 1200 p.
654 1134 714 1185 451.
756 1123 803 1180 Set
824 1118 856 1180 in
874 1123 1023 1198 archetypo
1043 1124 1094 1179 iam
1115 1122 1187 1178 lacu·

83 1235 123 1275 nau
139 1221 212 1278 luisse
231 1242 263 1281 en
287 1243 386 1298 raingus»
408 1226 539 1282 libroruin
559 1228 638 1301 primi
658 1228 768 1300 generis
782 1244 918 1283 couseusu
939 1226 1119 1281 manufestum
1136 1233 1186 1286 est.

81 1328 136 1394 atqu
156 1326 178 1380 iu
200 1325 247 1381 illo
270 1326 351 1383 serlia
381 1328 525 1386 obscurata
554 1328 640 1385 lusisse
669 1347 700 1384 es
723 1330 743 1385 P
766 1330 903 1403 scriptura
929 1327 996 1383 satis
1024 1335 1100 1383 certo
1122 1344 1187 1383 eou-

80 1420 128 1479 rludi
146 1427 243 1484 ridetur
264 1447 362 1503 posse,
392 1430 494 1505 quippe
520 1431 546 1486 in
576 1448 631 1504 quo
658 1430 739 1486 etiam
769 1428 897 1486 vocabula
918 1435 1037 1502 ceperat
1056 1430 1186 1501 ltpberuo

79 1540 136 1599 supra
154 1528 246 1586 lineam
269 1531 372 1604 scripta
391 1532 461 1594 sint,
490 1532 526 1588 ita
554 1540 585 1587 ut
606 1531 675 1587 adeo
698 1535 727 1587 iu
750 1533 783 1587 ali
802 1531 920 1587 librariis
942 1549 992 1587 suti
1014 1539 1100 1587 marte
1124 1531 1187 1586 suli·

78 1623 152 1697 piatam
169 1632 297 1688 rideatur.
339 1633 562 1707 Antiquissnmus
580 1632 664 1695 lilaer,
687 1634 713 1688 iu
736 1652 791 1708 spuo
814 1633 925 1689 lacunae
947 1632 1093 1707 explendae
1115 1632 1187 1706 peri·

76 1727 141 1787 colun
164 1733 261 1790 lactum
285 1734 429 1796 invenitor.
451 1735 470 1790 ll
489 1744 545 1798 est:
569 1737 674 1792 namsi
697 1736 780 1797 illud,
801 1736 873 1808 quod
900 1736 926 1790 in
949 1752 982 1790 eii
1005 1735 1071 1796 luit,
1095 1735 1120 1789 iu
1144 1752 1187 1790 ar·

75 1829 163 1907 claypo
184 1837 328 1910 perspicue
344 1837 477 1910 scriptum
500 1837 613 1898 luisset,
641 1837 720 1911 prior
745 1855 808 1911 pars
831 1835 904 1892 nerlii
930 1837 1012 1892 eredo
1033 1853 1087 1892 nou
1110 1853 1186 1891 erasa

74 1944 133 1995 esset,
153 1955 181 1992 eu
202 1939 280 1993 rarius
304 1956 414 1994 rasurae
435 1938 537 1994 auum
558 1941 656 2011 perpit
680 1939 773 2013 potito
797 1957 876 2012 quam
901 1939 1099 2010 proficiscitur
1120 1937 1185 1993 illud

72 2033 134 2089 luae
154 2039 205 2093 reri
225 2039 315 2095 siurile
334 2040 441 2096 videtur
464 2034 494 2113 ¹).
542 2040 605 2096 lude
634 2049 727 2097 uatum
747 2048 790 2095 est
806 2043 842 2106 it,
873 2025 945 2112 quod
968 2039 1001 2094 ali
1021 2034 1055 2094 P²
1077 2057 1127 2113 por
1144 2058 1187 2095 re·

42 2126 180 2199 §tentiones
202 2141 351 2215 plerosque
371 2142 457 2199 libros
481 2150 662 2217 propagatum
685 2151 741 2205 est,
765 2142 837 2215 quod
861 2142 925 2197 lerri
950 2141 990 2197 viu
1011 2159 1096 2214 posse
1112 2150 1185 2195 rorte

70 2235 187 2308 lupellus
209 2242 225 2296 l.
248 2260 271 2298 c.
294 2243 444 2299 contendit.
488 2244 535 2300 Set
552 2245 761 2317 proficiscitur,
786 2243 858 2317 qued
879 2242 1002 2298 nonnulli
1026 2242 1187 2298 recentioris

67 2343 144 2396 aetatis
165 2341 226 2400 libri
248 2345 389 2408 erliilieut,
417 2363 480 2410 vere
504 2345 538 2401 alr
560 2346 692 2402 Sallustio
717 2346 849 2420 scriptum
873 2363 933 2400 esse
960 2345 1109 2401 concedere
1131 2362 1186 2400 non

66 2459 158 2512 piioom
180 2447 250 2520 qnia.
279 2456 310 2502 ut
335 2447 361 2502 in
381 2448 531 2523 archetypo
554 2448 587 2504 ali
606 2450 806 2520 proficiscitur
825 2447 858 2503 ad
878 2456 1001 2520 propter
1024 2447 1060 2504 oli
1082 2424 1187 2503 littera·

66 2558 112 2599 run
131 2546 332 2605 similitudinem
355 2549 510 2606 aberratum
534 2568 594 2606 esse
617 2566 671 2605 nou
694 2567 809 2624 prorsus
838 2549 871 2605 ab
896 2550 952 2605 veri
976 2550 1065 2623 specie
1088 2549 1188 2605 alilior·

66 2661 112 2700 ure
131 2647 243 2721 largiar,
277 2659 367 2706 umen
392 2652 536 2726 scriptoris
561 2650 718 2724 diligentiae
748 2652 812 2714 luit,
843 2659 872 2706 ut
899 2651 1010 2707 llarium
1039 2651 1065 2706 in
1090 2652 1186 2708 itinere

67 2751 196 2817 pameneae
218 2753 321 2826 potius.
343 2771 358 2808 a
379 2756 524 2828 proposito
547 2772 597 2809 suo
617 2752 667 2826 (uti
691 2760 838 2825 coeperat)
864 2752 969 2826 proelio
993 2752 1040 2809 illo
1064 2772 1118 2811 non
1141 2754 1187 2810 alr·

67 2847 155 2907 ductum
175 2871 235 2907 osse
257 2855 375 2916 diceret,
403 2873 481 2929 quam
504 2857 599 2911 eodem
622 2856 720 2917 verbo.
749 2874 803 2930 quo
828 2874 910 2929 supra
932 2861 981 2917 97,
1005 2864 1029 2918 3,
1053 2865 1185 2915 uteretur.

68 2956 202 3029 {meatim
223 2974 285 3011 curn
308 2957 333 3011 in
357 2976 390 3013 eo
411 2958 515 3014 itineris
540 2957 686 3032 incipiuudi
716 2957 803 3031 magis
830 2976 909 3031 apuam
936 2958 1110 3014 etiratiuuaudi
1140 2976 1187 3015 uo·

69 3058 149 3110 treunam
171 3057 258 3113 inesse
279 3059 445 3116 ostenderim
466 3060 544 3116 tiliss.
564 3059 637 3115 eritt.
661 3060 688 3114 in
704 3058 760 3132 lug.
782 3069 887 3133 partem
908 3069 975 3116 extr.
999 3059 1103 3116 Grimao
1122 3071 1187 3121 1845

70 3168 89 3221 p.
108 3161 141 3215 ll.
180 3158 265 3214 Etiam
289 3161 375 3217 multo
398 3162 487 3218 minus
510 3177 584 3233 quae
610 3161 682 3235 quod
714 3161 741 3217 in
762 3161 863 3217 eisdem
888 3162 1086 3217 receutiorilius
1110 3162 1187 3218 libris

72 3279 101 3291 ·
116 3268 150 3313 sot
169 3276 221 3316 non
245 3262 372 3318 onmilius
395 3293 431 3304 -
456 3264 569 3319 inditum
593 3271 649 3324 est,
677 3263 711 3319 ali
733 3262 864 3319 Sallustio
886 3264 1017 3337 scriptum
1041 3283 1100 3318 osse
1127 3283 1187 3338 per·

71 3357 160 3414 soatio
174 3363 236 3418 milii
255 3382 375 3437 possum.
398 3382 458 3422 cum
475 3383 563 3439 neque
580 3365 733 3440 exemplum
750 3366 877 3428 noverim,
902 3364 946 3421 ulo
962 3366 1083 3421 liberato
1101 3383 1187 3439 opere

71 3454 149 3515 dutum
167 3465 208 3525 sit,
232 3466 256 3519 id
272 3467 344 3540 quod
358 3486 391 3522 eo
404 3468 533 3524 maiorem
545 3467 743 3523 dubitationem
755 3475 907 3528 corrrnovet,
926 3468 988 3541 qiua
1000 3468 1120 3530 liilierua.
1134 3469 1150 3524 i.
1163 3487 1186 3523 e.

70 3568 139 3614 «astra
153 3563 267 3628 bilorna,
285 3567 420 3625 lralientur
441 3570 533 3643 paritius
556 3587 635 3643 spirant
651 3579 780 3641 aguntur,
803 3577 830 3624 et
849 3568 959 3625 Sallusti
982 3570 1187 3627 consuetudinis

71 3663 225 3722 runsuloratio
248 3687 281 3724 eii
305 3671 399 3743 potius
418 3672 506 3733 ducat,
532 3680 561 3727 ut
587 3687 673 3744 opere
696 3671 821 3727 absolute
842 3671 942 3728 (lictum
964 3691 1024 3729 csse
1049 3681 1187 3746 exspecte-

72 3775 125 3816 uus.
161 3768 242 3841 lgitur
266 3771 332 3844 quid
353 3771 499 3829 Sallustius
522 3773 673 3847 scripserit,
697 3773 723 3827 iu
747 3774 852 3830 incerto
872 3774 1077 3848 relinquendum
1096 3784 1136 3828 est
1154 3795 1187 3827 oo

72 3866 145 3935 napa,
164 3872 232 3944 quod
254 3890 418 3948 quamquam
439 3891 523 3931 unum
544 3883 649 3930 tantum
672 3875 783 3931 verdum
805 3877 936 3932 excidisse
951 3878 1006 3932 veri
1029 3875 1116 3932 siruile
1137 3885 1186 3938 ost,

72 3970 141 4024 umen
163 3973 237 4046 plura
260 3977 361 4032 omissa
380 3988 439 4034 esse
458 3975 535 4034 nullo
557 3985 634 4034 certo
655 3986 816 4050 argumento
837 3981 929 4051 negari
951 3987 1052 4053 potest.
1187 3968 1189 3972 ’

99 4128 118 4193 ¹5
128 4136 196 4197 Quod
207 4142 235 4190 in
243 4139 497 4207 P⁸superseriptum
509 4149 551 4193 est
564 4145 600 4203 id,
628 4143 687 4192 sive
706 4159 788 4209 super
800 4144 902 4193 lineam
918 4146 976 4194 sive
990 4146 1018 4193 iu
1031 4151 1107 4194 textu
1121 4147 1187 4194 scri·

71 4213 180 4272 indrlnce
192 4225 292 4276 clarius
305 4228 423 4293 adparet
436 4229 601 4278 ineoexem-
628 4234 704 4292 ptum
723 4236 806 4289 esset,
826 4230 1095 4294 legiuoupotuisse.
1123 4231 1186 4280 Vid.

70 4298 133 4363 llari,
148 4310 213 4359 unde
231 4318 347 4377 uterque
368 4311 437 4361 liber
455 4314 601 4362 transscri—
627 4329 688 4377 sup.
707 4330 734 4378 p.
753 4315 777 4362 5.

67 4394 118 4447 llus
134 4399 185 4456 eo,
206 4396 280 4461 quod
302 4397 362 4447 sire
386 4397 422 4446 od
440 4398 601 4463 marginem,
