2768 5010
126 330 167 399 52
468 358 773 412 eonnnururiontnr
794 368 865 413 ene.
889 366 934 415 tv.

126 534 179 582 tnr.
221 520 288 578 Tum
311 527 413 576 auctor
435 538 596 596 quamquam
617 523 687 596 apud
710 525 867 583 Ciceronem
891 535 920 583 et
942 525 1012 585 aiios
1033 543 1125 587 rerum
1147 528 1259 607 scriptot

125 626 191 682 liant
212 641 275 680 raro
296 622 403 683 dicitnr.
426 631 515 679 iernen
535 624 560 679 id
581 623 617 680 itu
641 643 750 701 semper
772 627 871 684 sactum
892 639 944 691 est,
967 639 997 686 ut
1019 630 1106 703 magis
1132 632 1180 705 oui
1203 634 1259 706 ipsit

125 744 216 783 vernm
238 733 310 782 esset
332 725 505 787 ostendisset,
528 743 607 799 quom
630 728 675 800 qtti
705 747 749 785 res
779 740 925 793 narrasset.
955 730 1155 805 intellegendus
1184 742 1259 793 essct

125 831 151 887 iii
174 829 246 903 quoii
271 827 305 883 ab
327 826 353 881 Ιι.
376 825 393 880 Ι.
415 826 541 882 alienum.
584 827 703 902 {terrione
722 831 815 887 eadem
828 832 881 888 hoe
898 832 960 890 loeo
975 832 1115 909 obpositio
1129 844 1181 897 est,
1198 854 1259 910 quat

124 933 157 989 ait
180 932 297 988 Homero
320 946 407 1003 usqne
435 946 485 1003 per
511 946 617 985 omnem
639 932 829 1005 antiquitatem
856 934 973 990 rnanavit
993 932 1086 1005 (ilem.
1108 934 1138 991 ΙΙ.
1159 936 1195 993 IX
1216 944 1259 999 tt:

124 1025 234 1110 μύθων
247 1051 277 1089 τε
293 1019 400 1107 ῥηιῆρ’
422 1026 521 1104 ἔμεναι
538 1027 740 1105 neustriorum
756 1028 868 1109 ἔργων,
890 1036 964 1109 quod
979 1036 1033 1093 Cio.
1054 1037 1081 1093 ii.
1103 1055 1146 1094 or.
1169 1037 1204 1095 iil
1227 1046 1258 1101 ts

123 1143 156 1199 57
176 1134 323 1211 expressit:
353 1142 496 1190 oratorem
522 1134 672 1191 uerborum
694 1144 876 1209 actoremque
904 1140 1037 1210 rerum),
1065 1155 1155 1213 eoque
1177 1140 1258 1197 minu

123 1239 186 1296 sau.
203 1246 349 1294 auctorem
368 1253 458 1292 rernm
478 1235 563 1290 actori
584 1236 722 1311 obponere
737 1238 836 1312 potnit.
860 1239 931 1313 quoii
947 1247 1050 1296 auctor
1067 1256 1168 1297 rerum
1183 1241 1258 1297 ctian

124 1342 147 1397 is
169 1350 220 1403 est,
244 1340 290 1412 qni
316 1336 433 1394 oonsilio
455 1337 544 1411 praeit
566 1356 596 1393 ao
618 1339 690 1412 regit
712 1357 769 1402 res.
797 1357 858 1396 euin
881 1358 932 1415 pro
952 1348 1068 1399 oratore
1094 1352 1170 1399 recte
1193 1344 1258 1399 scri·

120 1450 189 1513 ptor
212 1440 402 1497 substituatur.
447 1439 531 1495 Multo
554 1440 640 1513 magis
663 1441 761 1497 merito
783 1442 839 1515 ing.
857 1451 880 1506 1,
895 1452 912 1503 5
929 1458 1011 1499 suom
1027 1446 1133 1515 quique
1149 1445 1258 1517 culpan

123 1551 237 1599 ociores
264 1543 303 1597 od
330 1543 441 1613 negotio
469 1541 653 1612 trousscrunt
681 1542 799 1599 dubitari
827 1542 933 1600 vitietur
958 1562 992 1602 an
1019 1545 1197 1603 scribendum
1228 1544 1258 1603 sit

122 1652 264 1700 erectores.
309 1642 390 1697 Recte
412 1643 484 1697 onim
504 1641 528 1697 ei
551 1644 596 1716 qui
615 1643 744 1701 oonsilio·
759 1661 809 1701 suo
838 1663 895 1702 roni
923 1647 1073 1719 geruntiam
1092 1646 1258 1722 praecipiunt

122 1755 149 1801 et
168 1753 282 1817 regunt.
302 1743 319 1798 i.
339 1761 362 1798 e.
385 1752 526 1806 auctores,
550 1763 601 1820 pro
623 1764 652 1801 se
676 1746 742 1820 ipsis
765 1747 875 1819 negotia
897 1747 1025 1804 adcusaro
1052 1748 1198 1813 dicuntum
1222 1756 1258 1805 set

121 1865 182 1904 eum
202 1845 387 1902 vetustissumi
411 1846 437 1902 in
460 1854 573 1902 actores
595 1848 631 1903 ita
653 1848 839 1910 consentiant,
861 1858 892 1904 ut
913 1856 1047 1905 auctores
1067 1851 1159 1907 minus
1180 1859 1258 1908 testu

122 1960 178 2007 tum
201 1949 245 2009 sit.
263 1965 378 2020 ctnnque
402 1946 467 2003 ittno
490 1948 522 2003 nii
545 1948 722 2011 sententiam,
746 1949 847 2024 quippe
868 1967 929 2007 etim
951 1949 1045 2025 piures
1063 1951 1258 2027 conplectatur:

121 2053 208 2125 ntagis
233 2050 359 2105 idoneum
391 2050 441 2111 sit,
470 2050 698 2124 adquiescendum
720 2051 834 2107 videtur.
887 2051 1011 2108 fetorum
1044 2070 1099 2127 quo
1123 2052 1257 2129 proueriii

121 2155 237 2229 speciem
255 2169 319 2226 prae
334 2170 363 2207 se.
385 2152 456 2207 terre
470 2170 501 2208 ea
521 2151 609 2214 verba,
634 2153 658 2207 id
681 2153 753 2226 quieti
769 2152 834 2208 oiim
851 2153 1051 2216 eontemieram.
1066 2154 1257 2219 declararem

120 2256 301 2329 Lahmeyerns
326 2253 389 2308 Nov.
414 2259 480 2309 Anii.
502 2253 601 2309 Lxxvt
626 2273 651 2328 p.
678 2261 727 2314 118
746 2254 865 2311 ostenuit
885 2255 938 2310 Cic.
960 2253 1050 2311 locum
1071 2256 1128 2313 Cat„
1153 2257 1216 2313 mai.
1235 2264 1257 2321 ,1.

124 2366 155 2418 11
173 2374 228 2413 suo
250 2359 323 2411 cuim
342 2357 408 2411 uitio
429 2357 595 2424 insipientes
616 2363 644 2411 ct
663 2372 745 2411 suom
768 2358 883 2428 culpam
904 2359 945 2415 ud
968 2364 1141 2413 senectutem
1165 2365 1257 2415 trans·

116 2460 228 2532 serunt.

205 2560 261 2614 Cat.
283 2563 314 2620 7,
338 2563 354 2618 6
382 2564 529 2630 praeeunte
553 2555 685 2629 Seiiingio
715 2558 820 2613 «sitienti.
848 2557 911 2615 Sall.
937 2577 963 2634 p.
997 2568 1026 2620 11
1054 2577 1096 2634 sq.
1125 2559 1257 2621 Nauokiut

120 2663 156 2737 (n.
181 2664 269 2717 i'orw.
294 2677 326 2714 un
342 2657 405 2713 siu.
424 2658 480 2713 Cat.
493 2657 630 2713 Verschw.
648 2658 775 2731 iittnigsii.
800 2659 826 2714 in
849 2660 875 2716 d.
891 2660 921 2716 N.
940 2661 1018 2733 1850)
1033 2680 1058 2735 p.
1074 2671 1091 2722 5
1112 2661 1257 2721 verissum

120 2763 269 2820 oisonem
286 2763 327 2816 sie
341 2769 403 2815 ante
417 2762 578 2831 scenisque
590 2759 684 2832 scrire
699 2759 775 2817 nullo
794 2762 875 2817 motio
894 2762 958 2817 terri
972 2779 1063 2836 posse.
1086 2780 1200 2837 eamque
1223 2760 1257 2823 u}

119 2883 241 2920 cerussam
263 2861 436 2917 scriiunutnm
459 2878 518 2915 esse
540 2861 657 2917 coniecit
678 2877 754 2928 sese,
781 2863 853 2936 (puori
882 2864 985 2939 recepit
1011 2864 1154 2921 Linkerns.
1192 2866 1257 2923 Gn!

119 2977 208 3023 autem
231 2963 308 3023 Pur&
330 2963 392 3018 Nae.
415 2971 442 3019 et
461 2963 561 3017 iliorum.
584 2978 614 3017 sc
636 2962 771 3026 iristitiam,
790 2963 817 3018 in
835 2957 866 3019 ΡΙ
890 2966 1105 3040 superscriptum
1126 2965 1174 3028 sit,
1194 2982 1256 3037 eoq-

120 3078 160 3124 tra
183 3084 213 3123 sc
234 3068 261 3122 in
284 3064 326 3119 titt
347 3074 506 3138 septemque
535 3062 733 3121 recentioribus
756 3064 899 3127 exciderit,
927 3084 1015 3141 eoque
1040 3067 1121 3123 ducat
1142 3067 1256 3129 etiam!

118 3169 253 3243 scriptura
274 3169 300 3222 si
318 3169 445 3238 quisquc,
469 3183 523 3221 non
544 3165 719 3221 iitrititaniinm
742 3165 848 3223 vitietur
876 3167 940 3241 quin
961 3170 1004 3224 sic
1024 3167 1058 3224 ab
1080 3168 1256 3241 grammatici

118 3270 332 3344 superscriptum
353 3285 402 3341 per
424 3266 541 3323 relicuos
564 3266 650 3322 libros
675 3269 879 3341 permanaverit.

203 3370 333 3438 Quoniam
352 3367 494 3424 constabat
521 3369 592 3442 apud
617 3370 786 3443 posteriores
814 3370 963 3445 scriptores
986 3389 1071 3442 quom
1096 3371 1132 3427 ita
1156 3371 1256 3435 dictor!

117 3492 177 3530 esse
200 3470 277 3528 utin
300 3488 462 3546 praegresso
482 3470 602 3525 nreiniiro
625 3473 716 3542 uiopis
739 3470 777 3525 sei
797 3474 895 3542 potius
917 3471 1047 3528 omissum
1071 3490 1132 3529 osse
1154 3459 1256 3531 imore·

117 3587 162 3631 tur
186 3574 247 3647 (vio.
272 3576 379 3646 tirysar.
401 3575 459 3626 Aet.
483 3571 576 3645 (iynuu
596 3573 687 3627 tinstr.
710 3571 743 3626 IV
765 3591 791 3645 p.
813 3580 851 3633 16.
882 3573 960 3649 Opitz
976 3591 1048 3648 spec..
1064 3573 1183 3631 Lexieoi·
1198 3590 1256 3651 arg,

116 3689 167 3735 aet.
193 3676 341 3749 n'oinnnpt
368 3679 433 3734 test
456 3691 482 3746 p.
507 3671 569 3744 17),
597 3674 671 3729 tuere
700 3674 745 3747 qni
771 3676 827 3730 i'at.
850 3682 880 3737 8,
905 3684 916 3734 l
946 3691 980 3732 eu
1005 3691 1054 3732 res
1074 3683 1198 3732 cunctas
1217 3690 1256 3743 ea

115 3783 239 3838 lubidine
259 3797 344 3851 prtem
369 3793 408 3832 ex
430 3789 497 3831 uero
518 3776 644 3831 celebret
664 3776 854 3848 obscuratque
881 3784 910 3831 et
930 3783 961 3839 9,
988 3786 996 3836 1
1022 3778 1100 3849 quod
1119 3776 1256 3850 benificii

115 3901 201 3955 prtem
224 3889 299 3936 metu
320 3881 462 3952 inperitus
490 3880 652 3949 epitonium,
680 3885 763 3939 48.5
792 3885 872 3933 tauto
901 3880 942 3934 uis·
970 3880 1091 3935 tiomim's
1118 3880 1254 3951 leuium

115 4002 200 4056 uticem
230 3984 407 4054 cropitcuutn
437 3981 585 4037 tristabatur
612 3979 785 4036 scribendum
814 3991 966 4037 cernerent.
1003 3984 1039 4037 At
1059 3980 1177 4055 primum
1199 3978 1252 4045 Sd.

115 4085 225 4142 testium
249 4084 282 4139 ab
302 4083 498 4139 consuetudine
518 4099 622 4143 enorum,
644 4082 703 4157 qni
715 4082 801 4156 ipsius
821 4090 908 4138 aetate
932 4082 1057 4143 floruere.
1080 4099 1135 4139 non
1155 4082 1251 4143 diseo

115 4189 183 4242 sisse
205 4202 254 4259 per
272 4202 302 4241 so
321 4194 531 4240 consentaneum
555 4193 611 4245 est,
634 4182 790 4239 Ciceronem
813 4193 902 4239 utitem
930 4193 958 4240 et
985 4184 1125 4239 Caesarem
1147 4190 1250 4259 consu

115 4287 190 4343 illum
212 4303 290 4341 nsunt
312 4284 460 4358 particulae
483 4303 568 4355 quum
590 4302 653 4341 raro
679 4302 767 4358 neque
791 4303 916 4359 tritiquatn
939 4286 990 4341 nisi
1012 4302 1073 4341 etun
1097 4285 1204 4347 veritis.
1229 4282 1249 4353 it

114 4389 213 4463 quihus
236 4386 356 4461 optionis
379 4385 418 4441 vet
442 4384 588 4442 voluntatis
610 4386 687 4441 notio
713 4386 827 4445 inesset,
856 4386 998 4443 aiiinisisse.
1020 4385 1190 4461 (Weissenb.
1212 4402 1249 4461 μ
