2768 5010
160 367 200 431 76
472 388 697 432 arsroaraavu
720 389 785 434 sm.
808 389 848 431 m
871 380 995 436 etl-54.

159 552 235 602 paroc
253 555 297 603 ap.
317 538 405 604 Apoll.
425 539 511 590 Rhod.
530 540 557 589 ΙΙ
576 538 623 591 371
645 546 673 589 et
684 537 734 590 0¹³5
752 539 868 606 legatur,
887 540 950 590 vide
971 555 1062 590 annon
1082 539 1154 604 apud
1172 538 1240 589 sal.
1259 554 1301 589 se·

159 607 276 658 eundum
294 607 373 658 Servi
390 607 474 658 libros
492 608 667 658 scribundum
686 610 722 658 sit
744 608 920 671 Themiscyrei.

245 743 285 802 50
309 743 368 823 [lir.
385 747 417 802 lv
432 751 473 802 21.
500 748 530 803 G.
546 696 578 803 h'
594 743 652 824 57]
698 743 831 823 Namque
855 745 983 822 primum
1007 743 1138 802 Iasonem
1158 759 1236 802 novo
1256 718 1301 802 iti·

159 862 231 905 uere
255 845 360 906 deetae
385 846 507 925 hospitis
527 847 646 907 domum
669 844 800 906 violasse.
1111 860 1114 866 ’

244 962 311 1012 Cum
331 979 375 1029 ap.
394 964 481 1013 Prisc.
501 965 539 1013 VI
557 981 583 1028 p.
602 963 654 1014 aaa
670 965 736 1013 libri
754 964 882 1014 meliores
900 978 994 1013 omnes
1017 962 1081 1012 libri
1100 977 1242 1012 numerum
1260 963 1301 1012 lll

158 1035 296 1093 tueantur,
317 1047 431 1095 cunique
450 1032 519 1081 illud
536 1033 639 1081 dietum
658 1033 743 1082 fuisse
761 1034 790 1081 in
807 1032 993 1096 descriptione
1011 1031 1093 1080 Ponti
1112 1035 1238 1094 apertum
1257 1031 1300 1093 sit,

159 1098 285 1148 inmerito
305 1099 479 1148 Gerlaolriuur
500 1100 615 1164 adparet
638 1101 755 1149 cessisse
775 1099 874 1149 Kritzii
894 1100 1074 1163 argumentis.
1100 1103 1129 1146 ut
1153 1114 1186 1146 ex
1209 1097 1300 1157 tertio,

158 1165 206 1217 ubi
225 1174 307 1217 antea
326 1172 469 1231 posuerat,
489 1167 540 1217 hoc
560 1168 743 1232 fragmentum
761 1168 790 1216 in
809 1172 933 1231 quartum
951 1166 1049 1215 librum
1067 1167 1193 1216 reiceret.

244 1305 277 1363 51
309 1302 369 1382 [lia.
383 1311 425 1359 47.
453 1306 482 1360 G.
499 1301 556 1382 44].
602 1303 726 1382 Scythae
748 1303 889 1363 anaiades
911 1308 1020 1370 teneat,
1043 1301 1151 1382 quihus
1169 1299 1300 1379 plaustra

158 1404 243 1464 sedes
263 1411 340 1464 suut.
773 1419 776 1425 ·

197 1530 209 1539 ‘
243 1522 305 1570 Aer.
325 1522 360 1570 ad
378 1522 444 1571 lior.
465 1520 515 1570 Od.
539 1522 582 1571 111
598 1522 646 1581 at,
664 1521 689 1570 a.
714 1540 739 1586 p.
759 1520 809 1572 336
828 1522 869 1572 ed.
890 1520 991 1586 Pauly:
1016 1522 1126 1584 Scythae
1144 1529 1301 1585 campestres

158 1589 232 1647 uteri,
252 1591 320 1655 quod
338 1592 360 1637 ia
378 1593 473 1652 campis
490 1590 544 1638 siue
563 1595 637 1638 tectis
654 1589 698 1638 suh
717 1592 834 1639 tentoriis
853 1593 947 1645 uiuant,
971 1605 1035 1654 prrae
1053 1591 1184 1652 carpentis
1202 1605 1297 1638 nterea·

158 1662 207 1716 tur,
227 1664 255 1705 ut
272 1656 407 1705 Sallustius
424 1658 452 1705 in
472 1657 569 1721 quihus
588 1657 713 1722 plaustra
731 1657 811 1706 sedes
829 1663 901 1706 sunt.
933 1656 1001 1705 Cum
1014 1662 1038 1705 r'rr
1055 1657 1220 1706 nullomodo
1234 1657 1300 1706 ferri

158 1724 254 1788 possit,
275 1730 356 1773 acute
375 1723 463 1788 Pauly
481 1726 623 1789 perspexit
641 1724 727 1774 latere
747 1726 775 1773 in
794 1741 826 1774 eo
844 1725 886 1775 Ill
906 1726 922 1774 i.
944 1741 967 1774 e.
988 1724 1057 1773 libro
1076 1725 1166 1774 tertio.
1188 1723 1298 1789 ‘Porph.

159 1790 194 1838 ad
213 1792 293 1841 eruul.
311 1792 328 1841 l.
351 1793 510 1856 Campestres
529 1793 598 1856 qrrou
615 1796 639 1840 in
657 1794 752 1856 campis
769 1795 823 1842 siue
841 1796 915 1841 tectis
932 1793 1015 1841 vivant
1033 1793 1096 1841 dicti
1110 1798 1176 1848 suat.
1196 1794 1227 1841 de
1248 1796 1300 1856 qut·

157 1856 202 1908 bus
214 1865 239 1909 et
251 1859 377 1909 Salustius
388 1866 425 1909 stc
438 1863 488 1927 ait.¹
505 1859 624 1923 Scythae
638 1861 768 1909 nomades
781 1864 878 1909 teuent
888 1860 985 1924 quibus
998 1858 1121 1924 plaustra
1133 1858 1214 1909 sedes
1227 1864 1298 1908 suut.

243 2003 309 2066 *52
339 2003 398 2084 [lir.
416 2007 517 2069 218..G.
535 2003 592 2084 43].
644 2002 776 2082 Namque
806 2006 936 2064 omniurn
963 2004 1146 2064 leroeissunri
1175 2003 1212 2062 ad
1240 2003 1298 2063 hoc

156 2103 273 2184 tempus
296 2105 403 2165 Achaei
425 2113 512 2184 atque
534 2105 623 2166 Tauri
642 2112 719 2175 surh,
741 2107 830 2185 quod,
853 2113 993 2183 quantum
1018 2105 1139 2172 canitie,
1163 2103 1298 2164 lotorum

156 2215 284 2284 egestate
306 2214 391 2285 rapto
414 2209 509 2267 virere
531 2209 633 2267 eoacti.

241 2325 331 2375 Seliol.
353 2326 387 2375 ad
405 2326 464 2375 Iuv.
484 2326 533 2374 XV
553 2323 608 2374 115.
640 2326 711 2375 Vere
724 2325 845 2374 Kritzius
858 2326 969 2385 monuit,
991 2341 1049 2374 euru
1069 2323 1144 2374 nulla
1163 2308 1206 2373 fes
1224 2323 1297 2373 bello

157 2399 237 2459 gesta
255 2395 405 2443 Taurorum
425 2398 453 2442 et
471 2392 642 2442 Achaeorum
661 2394 948 2442 conmernorandorum
973 2408 1066 2441 ausam
1090 2393 1225 2457 praehere
1250 2408 1297 2458 po-

156 2460 262 2521 tuisset,
282 2461 354 2510 huuo
372 2460 462 2509 locum
481 2460 509 2508 iu
527 2460 711 2525 descriptione
730 2460 810 2510 Ponti
829 2460 915 2510 fuisse
934 2461 1108 2510 statuendum
1128 2475 1197 2508 esse.

241 2579 410 2642 Fragmenta
435 2576 468 2626 ad
491 2576 592 2626 bellum
616 2578 823 2627 Macedonicum
846 2579 1013 2644 pertinentia
1037 2583 1100 2628 aute
1124 2593 1171 2637 ea,
1200 2578 1297 2642 quihus

156 2646 190 2694 de
215 2645 288 2694 bello
315 2644 502 2694 Mithridatico
533 2647 639 2711 agitur,
669 2647 746 2712 posui
778 2647 847 2710 quod
870 2646 1035 2696 Macedonia
1058 2645 1167 2694 ltaliam
1198 2651 1225 2695 et
1249 2647 1296 2694 lli-

156 2713 282 2777 spaniam
295 2713 403 2776 propior
421 2718 471 2772 est,
491 2727 571 2776 quani
585 2714 651 2762 Asia
669 2714 763 2762 nrirror.
801 2715 878 2775 Quae
898 2714 932 2763 ad
950 2713 1051 2763 bellum
1065 2713 1236 2762 maritumum
1256 2730 1295 2762 re-

157 2780 287 2834 feranda.
301 2780 345 2827 hie
362 2795 446 2842 ponar,
462 2780 587 2843 quoniam
601 2781 659 2830 veri
672 2781 760 2831 simile
772 2781 893 2839 ridetur,
907 2781 974 2830 illud
986 2781 1053 2830 data
1071 2780 1217 2831 occasione
1236 2796 1295 2830 curu

156 2846 230 2896 bello
248 2846 434 2896 Mithridatico
453 2847 626 2897 coniunctum
645 2849 738 2908 fuisse,
759 2865 819 2898 earm
831 2855 942 2913 propter
954 2849 1004 2897 hoo
1017 2864 1110 2898 rrrrsus
1122 2848 1182 2912 plus
1194 2864 1296 2912 operae

155 2913 255 3043 {qlikqlq
270 2914 400 2963 Romanis
419 2915 546 2964 tributum
566 2930 626 2965 esse
646 2921 752 2966 constet
771 2916 814 2979 (de
829 2916 912 2966 Creta
926 2917 1058 2982 αἶα-ΑΝ).
1073 2916 1127 2965 Sic.
1140 2915 1157 2964 u
1169 2932 1195 2979 p.
1209 2914 1243 2965 46
1255 2932 1295 2981 eq.

180 2995 194 3031 Θ
237 3018 243 3030 .
259 3018 265 3030 .

240 3116 279 3177 53
306 3113 365 3198 [lir.
388 3124 430 3175 31.
455 3120 485 3175 G.
502 3117 560 3198 91].
604 3119 684 3179 luter
707 3138 813 3179 reseras
835 3120 960 3180 deruites
974 3121 1093 3181 Isauras
1113 3120 1294 3199 Pisidasque.

239 3233 317 3283 drus.
337 3251 363 3299 p.
383 3235 446 3285 237:
465 3241 532 3284 inter
550 3239 612 3286 tllud
627 3253 676 3302 pro
695 3254 748 3287 crum
767 3239 829 3288 illud
845 3243 937 3301 apttur.
970 3239 1089 3288 Kritaius
1109 3254 1142 3288 ea
1159 3239 1247 3289 verba
1260 3241 1296 3289 sd

155 3300 258 3352 bellurn
276 3301 491 3352 Mithridaticum
511 3304 624 3365 rettulit,
644 3306 740 3355 ductus
757 3305 801 3354 his
819 3306 910 3355 verhie
928 3306 1048 3371 Appiani
1060 3306 1087 3355 b.
1105 3307 1142 3356 Μ.
1157 3306 1189 3355 75
1204 3324 1230 3372 p.
1245 3305 1295 3357 383

155 3374 238 3420 exta:
258 3368 296 3434 τῷ
309 3359 339 3419 δ’
352 3360 429 3432 αὐτῷ
441 3363 534 3435 χρόνῳ
553 3370 681 3436 Φρυγίαν
700 3361 835 3438 Εὔμαχος
852 3365 1043 3437 Μιθριδάτου
1061 3367 1216 3439 στρατηγὸς
1235 3366 1293 3425 ἔπι-

154 3430 272 3512 τρέχαν,
284 3431 391 3512 ἔκτανε
405 3431 550 3513 ‘Papulae
572 3433 693 3498 πολλοὺς
716 3432 786 3506 μετα
806 3438 918 3490 παίδων
939 3438 988 3491 καὶ
1007 3441 1151 3506 γυναικῶν
1170 3440 1295 3500 Πισίδας

154 3500 247 3555 τεκαὶ
270 3507 408 3569 Ισαυρους
426 3499 550 3571 υπήγετο
568 3503 618 3557 καὶ
635 3507 779 3558 Κιλικίαν.
811 3508 878 3557 Cum
897 3509 1044 3559 secundum
1059 3510 1136 3561 Arus.
1155 3511 1296 3560 sententia

155 3573 251 3622 tuerit:
277 3589 336 3621 cum
356 3589 452 3622 reeens
471 3574 565 3626 domiti
583 3583 675 3626 essent
692 3577 780 3626 Isauri
807 3576 984 3640 Pisidaeque,
1009 3576 1074 3625 mihi
1098 3578 1156 3626 veri
1179 3577 1295 3631 similius

153 3640 261 3691 videtur
272 3639 342 3689 haec
357 3641 431 3690 dieta
444 3642 538 3700 fluisse,
559 3659 617 3691 cunr
632 3644 659 3693 S.
672 3645 701 3692 iu
714 3644 847 3709 principio
865 3645 970 3709 piratas
983 3659 1075 3694 rursus
1094 3645 1197 3693 viribus
1212 3650 1293 3709 atque

154 3707 250 3771 opibus
264 3714 359 3757 auctos
371 3708 545 3773 inpudentiae
556 3724 636 3774 quam
647 3715 730 3760 antea
741 3712 876 3760 liemauos
890 3727 990 3761 vexare
1002 3713 1125 3776 coepisse
1136 3718 1293 3777 exponeret.

239 3854 278 3912 54
304 3852 364 3932 [llr.
380 3861 422 3911 ha.
446 3858 475 3913 G.
492 3853 550 3934 65].
590 3853 641 3934 [Μ.
659 3854 815 3935 hrrtouius]
835 3855 1005 3932 perdundae
1021 3856 1162 3934 pecuniae
1179 3858 1295 3933 genitus

154 3960 184 4013 et
205 3968 312 4014 vacuos
333 3974 348 4014 a
372 3957 452 4016 euris
473 3958 528 4016 uisi
551 3956 734 4017 instantibus,

238 4072 432 4122 Pseudo-Asc.
452 4073 480 4122 in
499 4073 556 4122 Cio.
576 4075 605 4123 in
622 4074 699 4124 Verr.
718 4075 731 4124 l
749 4073 782 4123 00
800 4091 825 4140 p.
848 4073 896 4123 lul
914 4075 956 4124 ed.
976 4075 1037 4124 On:
1057 4076 1108 4124 llic
1126 4081 1167 4124 est
1182 4074 1220 4123 M.
1241 4077 1294 4124 Aa·

153 4143 237 4189 tantus
255 4141 458 4189 dissohrttssr'raus
476 4148 581 4191 curator
598 4147 674 4191 totius
692 4157 756 4191 orae
774 4148 925 4198 maritimae.
948 4144 1039 4192 Cretae
1057 4149 1174 4195 mortuas.
1194 4144 1226 4191 da
1245 4159 1294 4207 qua

152 4209 207 4269 ipse
227 4206 295 4267 (Cic.
316 4208 343 4255 in
361 4208 439 4256 Vcrr.
458 4208 484 4257 ll
502 4208 544 4268 ²3,
562 4208 606 4262 att
625 4211 707 4258 diret:
727 4214 759 4259 ‘et
774 4217 835 4274 post
853 4210 893 4259 M.
913 4211 1020 4260 Antonii
1036 4211 1155 4272 infinitum
1173 4211 1235 4258 illud
1252 4215 1295 4258 ira·

152 4276 250 4336 periura
267 4278 422 4333 senserant',
447 4281 471 4324 et
496 4293 566 4340 quera
584 4278 709 4327 Salustius
727 4279 763 4326 ate
787 4278 944 4342 perdundae
967 4279 1103 4342 pecuniae
1127 4277 1248 4341 genitum
1267 4284 1296 4326 et

153 4355 269 4391 vacuum
289 4357 305 4390 a
319 4344 390 4390 curis
408 4342 461 4391 nisi
479 4343 655 4393 instantibus.
691 4345 770 4393 Arus.
790 4361 816 4409 p.
835 4343 898 4394 232:
919 4347 1022 4396 Genitus
1040 4348 1076 4395 itti
1093 4349 1133 4394 rei
1146 4345 1294 4407 faciendae.

154 4408 249 4459 Scluat.
269 4409 339 4458 Htst.
358 4410 413 4458 lll:
431 4411 586 4475 perdendae
604 4412 738 4476 pecuniae
757 4412 876 4478 genitus.
