2768 5010
407 354 712 403 cosuaurarrosuu
735 353 804 401 one.
821 354 866 401 ττ.
1173 332 1214 399 83

108 509 164 566 lecto
180 520 225 569 tam
244 512 310 571 baec
331 513 413 571 verba
436 523 511 572 recto
539 515 642 572 adiecta
669 532 729 571 esse
752 514 909 589 adpareret,
939 528 994 586 quo
1022 510 1212 587 explicaretur.

105 629 146 669 cur
163 613 226 690 Tuap.
253 624 315 673 aute
342 617 501 674 verberatus
528 625 610 674 esset.
662 618 761 673 Tamen
784 635 827 674 ros
856 615 936 673 dubia
964 622 1015 670 est.
1063 613 1128 670 Nam
1151 632 1213 671 cum

103 712 232 773 Plutarchus
247 718 277 773 tl.
301 718 412 776 Graccis.
436 738 458 776 c.
482 726 499 781 9
518 720 665 776 memoriae
684 719 737 776 boc
756 717 922 794 prodiderit:
946 711 987 773 Tea
1005 707 1036 771 δὲ
1056 699 1142 788 ὃμὲν
1161 713 1209 793 (Γ.

105 813 130 868 Γ
128 815 199 895 prag.)
213 821 272 888 τοῖς
288 817 433 889 Aualerone
441 816 617 901 τ’σοψηφίαν
645 807 746 888 clarioris
767 811 885 890 ἐλύπει,
907 815 961 874 τοῦ
983 813 1014 874 δὲ
1036 809 1116 887 ὅπως
1136 811 1212 893 μηδὲ

102 907 140 971 ἔτί
150 918 280 992 στρατείας
295 914 346 1002 ἐξῇ
362 940 429 978 τινα
445 920 586 980 Λατίνων
601 912 726 998 ῥάβδοις
740 917 916 978 αἰκίσασθαι
935 911 1109 996 γράψαντος
1124 911 1209 995 ἐβοή-

101 1018 212 1102 cobegi
232 1012 331 1103 νόμῳ,
359 1025 410 1080 nisi
438 1023 481 1081 lex
506 1025 551 1082 illa
575 1033 698 1082 autnon
721 1025 826 1100 perlata
848 1030 895 1079 aul
918 1040 980 1080 mox
1002 1022 1104 1078 abolita
1127 1023 1211 1079 luerit

101 1119 212 1197 (tiittbag.
236 1123 252 1178 Ι.
275 1143 299 1181 τ.
321 1144 349 1200 p.
372 1133 422 1188 τῇ
445 1145 486 1201 sq.
508 1128 600 1202 Pauly.
619 1126 692 1183 tta.
706 1126 739 1182 ilr
760 1146 786 1201 p.
805 1132 857 1188 992
872 1124 933 1199 su).
957 1127 994 1181 ita
1017 1123 1092 1180 illum
1116 1124 1209 1180 verbe-

101 1230 168 1279 ntaar
185 1244 239 1283 esse
261 1226 391 1301 expilieari
419 1246 473 1284 uon
503 1237 603 1303 potest.
647 1228 680 1283 lit
701 1246 761 1285 cum
786 1225 867 1284 etiam
890 1235 955 1302 post
977 1225 1065 1299 legem
1086 1226 1210 1284 Porciam

99 1323 216 1384 incastris
233 1327 392 1386 serlieribus
412 1331 439 1386 iu
460 1330 525 1387 civis
539 1332 675 1388 Romanos
694 1330 910 1387 animadvorsum
931 1347 992 1385 esse
1010 1336 1126 1391 constet,
1149 1327 1211 1385 nui·

98 1422 142 1481 iun
158 1427 220 1485 aliud
240 1431 385 1488 discrimen
409 1432 477 1494 luit,
506 1432 557 1488 nisi
586 1434 660 1507 aparod
689 1433 806 1488 tortasse
832 1431 941 1505 saepius
968 1431 1057 1486 Latini
1076 1430 1209 1487 verberati

97 1535 159 1590 snb
176 1533 242 1605 quod
268 1534 315 1607 agui
338 1534 375 1590 ita
394 1552 533 1591 remouere
556 1535 729 1596 stridueruat,
754 1541 785 1589 att
812 1520 980 1590 verberatus
1008 1532 1059 1588 boc
1085 1532 1147 1589 loeo
1176 1533 1209 1589 de

97 1627 247 1703 fastigatione
268 1633 481 1708 intellegendam
506 1654 567 1693 esse
587 1642 740 1692 statuerent
759 1635 871 1708 (lacobs.
893 1635 969 1691 Closs
984 1633 1099 1708 interpr.
1120 1634 1208 1693 Germ.

97 1746 120 1802 p·
137 1733 191 1805 tasi
209 1737 286 1794 cuius
310 1737 337 1792 in
357 1739 447 1794 socios
465 1756 531 1794 usus
551 1739 656 1800 luisset,
679 1746 709 1794 ut
731 1739 758 1794 iu
777 1737 843 1794 civis
864 1737 963 1794 vitibus
983 1737 1208 1799 animadversum,

97 1833 256 1902 aperissume.
279 1839 352 1914 quod
375 1856 456 1895 neruo
477 1840 614 1896 liomaaas
644 1840 672 1896 iu
694 1858 727 1896 co
757 1840 840 1896 verbo
866 1838 1025 1901 invenisset,
1048 1840 1136 1896 inesse
1154 1848 1209 1896 sta·

99 1939 193 2000 immol,
214 1938 398 2015 Saliustioque
425 1941 600 1998 obscuritatis
628 1948 656 1999 et
677 1941 867 2016 peri'orsitatis
891 1941 993 1997 crimen
1020 1941 1207 2016 inposuerunt.

98 2031 135 2088 Sel
150 2039 274 2098 latendum
295 2051 347 2105 est.
369 2042 391 2097 si
414 2043 503 2098 verbis
527 2043 581 2099 iilis
601 2042 754 2118 Turpilium
773 2042 891 2099 nominis
913 2042 1001 2098 batim
1021 2042 1106 2098 luisse
1124 2043 1208 2116 signi-

98 2132 177 2203 ficetur,
195 2120 281 2199 omitia
304 2142 427 2218 planiora
449 2162 479 2201 ac
507 2144 561 2201 veri
591 2144 722 2202 similiora
750 2163 818 2203 esse.
860 2146 894 2200 tt
920 2146 989 2200 civis
1016 2161 1056 2200 ex
1078 2145 1160 2201 Latio
1182 2145 1209 2201 id

98 2235 218 2308 siguificare
245 2263 300 2302 aon
329 2253 438 2321 potest,
465 2255 492 2302 et
514 2262 547 2302 ue
576 2263 607 2302 ea
638 2247 745 2321 quidem
773 2248 840 2303 satis
867 2253 967 2301 testata
997 2246 1132 2320 scriptura
1156 2254 1207 2303 est.

98 2334 147 2396 b'tu
163 2347 338 2404 cetastissumi
365 2366 458 2405 omnes
478 2349 504 2403 ia
526 2350 596 2404 civis
618 2364 657 2404 ex
676 2351 789 2405 collatio
811 2349 1000 2410 conseatiaat;
1026 2354 1054 2402 at
1076 2349 1208 2423 antiquis·

98 2455 178 2502 τττττττ
198 2448 280 2505 luisse
301 2453 372 2506 civis
392 2452 505 2506 collatio
524 2468 557 2505 ex
578 2449 599 2506 P
617 2449 673 2523 (ubi
690 2467 729 2507 ex
742 2467 825 2525 supra
839 2449 970 2524 seriptum
985 2448 1038 2522 est)
1053 2456 1081 2505 et
1096 2443 1140 2514 1¹¹,
1161 2451 1206 2507 ubi

97 2555 131 2595 ra
144 2546 198 2606 latio
217 2552 244 2606 ia
264 2554 378 2608 collatio
398 2560 556 2609 comeatum
579 2559 629 2614 est,
650 2552 769 2627 adparet.
814 2552 891 2620 Quod
915 2569 969 2625 (guo
992 2551 1084 2607 ducit?
1129 2551 1206 2609 Scili-

97 2651 133 2697 ττι
150 2665 223 2707 seram
248 2654 412 2729 scripturam
439 2672 499 2711 esse
526 2672 592 2709 nom
616 2656 641 2709 is
659 2657 745 2723 civis,
771 2671 828 2711 raon
854 2670 894 2709 ecc
916 2654 998 2709 Latio
1016 2661 1089 2710 erat.
1134 2654 1206 2723 Quae

98 2760 144 2800 tttla
160 2750 189 2807 ita
210 2755 271 2815 siut,
293 2755 315 2811 si
339 2754 471 2811 librorum
495 2756 659 2812 testimoniis
678 2754 778 2829 aliquid
796 2756 976 2816 triimendam,
999 2763 1062 2811 aute
1083 2775 1113 2812 ea
1128 2756 1207 2813 realia

97 2845 173 2920 aliquid
195 2858 324 2913 excidisse
353 2859 525 2914 statuendum
553 2857 614 2914 erit.
659 2860 693 2913 dt
722 2875 784 2914 arara
812 2876 841 2914 ea
881 2857 960 2914 rerba
991 2856 1100 2913 Sallusti
1126 2862 1206 2914 santi

97 2945 192 3012 liiaume.
231 2959 296 3015 b'am
320 2958 448 3016 credibile
471 2967 589 3016 nonest
611 2961 748 3034 eara.qai
771 2964 819 3021 67,
841 2968 858 3020 3
882 2959 1032 3034 Turpilium
1055 2962 1206 3032 inprobam

97 3050 309 3133 intestabilrmque
335 3060 460 3121 dixisset.
487 3080 574 3135 genas
608 3061 723 3136 subplici
751 3061 931 3134 vituperasse,
965 3071 1071 3118 cestram
1101 3063 1207 3120 vitietur

97 3167 144 3209 run
160 3158 287 3219 lieteiium
309 3163 402 3237 potius
421 3173 609 3239 excusaturum
626 3181 705 3239 apuam
728 3163 957 3238 reprehensorum
981 3165 1079 3226 luisse:
1105 3172 1161 3220 tuan
1182 3169 1207 3221 is

96 3251 157 3313 'ulti
174 3266 241 3337 quod
264 3265 400 3338 glossema
421 3267 523 3340 sapiat;
545 3266 661 3340 denique
682 3283 733 3340 pro
753 3272 818 3321 erat
830 3273 904 3321 certe
921 3265 1077 3340 scripsisset
1099 3267 1124 3321 S.
1139 3267 1206 3340 fuit.

94 3353 172 3421 (liure
191 3384 244 3423 mea
263 3368 372 3443 <guidem
395 3369 530 3424 sententia
552 3367 631 3423 verita
654 3368 699 3423 illa
719 3368 849 3442 reliquiae
867 3376 931 3424 suat
946 3368 1079 3442 longioris
1098 3369 1206 3442 glossae

95 3466 235 3535 marginatis,
267 3488 320 3547 aaa
352 3470 459 3544 aliquis.
486 3472 626 3527 doetrinae
649 3470 755 3545 copiam
783 3489 858 3527 suam
882 3470 1036 3531 eliandeus.
1060 3474 1204 3534 incurrerit,

94 3575 138 3616 aaa
157 3568 273 3629 delusisse
301 3571 453 3645 Turpilium
479 3574 568 3631 iterari
597 3574 805 3647 verlaerariquu;
832 3592 891 3629 aram
921 3591 981 3630 eum
1009 3592 1064 3630 nou
1092 3572 1205 3630 latiuum

93 3670 211 3728 actricem
234 3674 327 3730 luisse.
429 3698 433 3703 ·

159 3769 207 3848 lag.
227 3781 276 3838 tt,
298 3781 316 3835 t
336 3783 364 3831 et
386 3777 458 3850 «praed
481 3794 585 3835 suramo
613 3795 749 3833 consensu
776 3778 880 3853 optumi
905 3777 967 3851 libri
998 3786 1123 3841 tuemur,
1150 3798 1205 3837 nou

90 3876 178 3930 trabe
198 3877 336 3953 plerisque
358 3897 408 3953 per
428 3877 611 3952 glossatorem
634 3880 768 3936 adiectam
791 3889 914 3954 putatum
932 3890 983 3938 est.
1025 3882 1093 3949 Ouid
1117 3883 1204 3938 enimi

87 3966 165 4031 bonne
183 3978 309 4036 Sallustio
332 3998 389 4036 rem
413 3980 451 4036 sic
472 3999 582 4038 narrare
604 3981 717 4038 licebat:
740 3983 789 4050 ilai
811 3991 956 4056 postquam
975 3983 1080 4039 litteras
1102 3984 1205 4040 uallatas

86 4073 171 4175 aulisit
189 4097 299 4156 eamque
324 4082 360 4139 ob
378 4101 499 4140 caussam
519 4084 546 4156 (i.
562 4103 585 4139 e.
607 4087 655 4158 et),
679 4087 751 4159 quod
768 4104 850 4160 opera
867 4093 913 4140 arat
935 4086 1044 4160 ingenio
1067 4105 1117 4143 sao
1134 4103 1204 4161 opus

83 4194 135 4233 esse
153 4181 346 4245 arbitrabatur.
371 4203 457 4258 neegue
479 4187 626 4242 arcessitus
648 4204 736 4261 saepae
758 4189 831 4244 aalitu
855 4188 919 4243 doto
943 4188 1144 4245 tabernaculam
1165 4190 1205 4245 iu·

81 4282 154 4346 troili
175 4285 318 4360 epistulam
341 4287 419 4344 lacile
442 4290 581 4364 repperit?
623 4291 722 4346 Carruca
744 4290 815 4365 ‹praod
834 4293 859 4346 iu
874 4289 1014 4364 plerisque
1030 4290 1108 4345 libais
1123 4290 1205 4364 piauio

76 4395 132 4459 post
151 4386 250 4462 legitur
277 4397 305 4446 et
328 4406 388 4446 rem
410 4408 518 4448 omnem
542 4394 584 4448 uti
602 4400 668 4448 octa
686 4401 750 4449 erat
772 4409 811 4449 rac
822 4392 958 4465 perfugis
977 4396 1105 4466 cogitauit
1127 4394 1206 4450 vitio·

935 4493 1037 4577 62,
