2768 5010
367 378 672 425 aenunnrurroaaa
696 376 769 423 cor.
792 376 827 418 n.
1137 355 1176 414 17

68 540 183 610 meam,
211 538 314 611 cuens,
343 537 501 609 factiosas,
531 550 615 608 quem
637 535 678 589 ud
695 534 924 605 perturbandam
949 546 1010 586 rem
1027 533 1177 603 publicam

69 642 136 712 abac
153 648 233 714 atque
249 641 320 695 mali
337 654 432 695 mores
448 638 642 704 stimulabant,
663 635 749 691 miror
766 641 831 691 erat
847 636 943 690 eodem
965 642 1092 706 ternpore
1114 653 1176 692 eum

71 751 108 796 tm
125 744 185 815 gravi
208 759 322 798 numero
345 741 470 797 onmibus
494 739 659 815 praeposita.
704 736 780 805 Quod
801 737 824 793 si
848 735 993 793 Sallustius
1023 738 1174 812 exprimere

71 842 165 898 saloissa
182 845 277 901 risisse
301 842 397 899 eodem
419 850 543 916 tempore
562 841 698 901 Pisonem.
720 849 750 895 nt
769 837 893 895 nonnulli
917 839 1081 912 interpretes
1103 840 1174 896 arbi·
1225 905 1226 908 Ἴ

72 945 116 998 uati
132 946 241 1002 silentur
262 964 332 1008 esse,
356 946 382 999 id
403 945 493 1000 dicme
517 960 602 1018 paene
623 942 768 999 ridiculum
791 941 851 996 luit.
881 939 983 1014 Neque,
1006 949 1036 997 at
1052 943 1174 998 omittam

72 1044 181 1103 lausto.
206 1055 245 1111 17,
266 1054 292 1109 'l-
316 1054 359 1109 36.
381 1054 406 1106 4·
429 1056 472 1109 55,
495 1054 520 1107 3.
555 1045 959 1117 tug.4t‚1.4ts‚3.tts‚4.
996 1044 1052 1099 Cat.
1075 1048 1125 1107 ⁶23,
1148 1053 1174 1106 3.

72 1144 158 1217 ituit,
177 1159 205 1213 3,
227 1169 297 1226 quos
315 1149 440 1204 divorsos
465 1165 524 1204 esse
546 1146 635 1221 quiris
657 1145 803 1220 perspicit,
832 1144 975 1219 conparari
1001 1147 1104 1220 poterit
1131 1146 1174 1202 bie

72 1245 124 1303 Ιιιιιι
133 1270 183 1309 euro
198 1254 252 1309 Cat.
272 1257 312 1313 17.
331 1261 347 1311 5
369 1259 454 1307 eraut
460 1257 620 1323 praeterea
634 1249 789 1319 conplures
799 1249 890 1317 periclo
905 1249 1042 1304 occultius
1056 1248 1176 1304 buiusce

70 1353 142 1407 aaut
155 1356 312 1428 participes
336 1355 456 1422 nobiles,
482 1366 554 1426 quos
580 1351 672 1423 merois
692 1351 891 1406 dominationis
916 1364 983 1420 spes
1004 1349 1175 1406 hortabatur

69 1468 131 1521 aian
146 1458 235 1528 inopia
258 1464 310 1514 aut
337 1458 396 1512 alia
417 1455 596 1512 necessitudo
616 1460 644 1509 et
672 1459 720 1515 39,
739 1459 757 1511 4
778 1451 866 1523 fuere
890 1457 978 1506 extra
1000 1455 1174 1510 coniuratio-

68 1562 272 1631 intonantes,
296 1561 346 1632 qui
367 1559 407 1614 ad
427 1557 577 1614 Catilinam
597 1557 678 1612 initio
696 1553 828 1628 proteat
849 1561 925 1610 sunt.
969 1553 1034 1610 Nam
1056 1572 1124 1629 elnae
1142 1556 1175 1611 de

68 1656 103 1710 tin.
119 1657 210 1717 Pisanis
232 1662 344 1735 ingenio
367 1669 394 1716 et
412 1659 535 1716 moribus
557 1665 809 1719 ctsnmemorantur,
836 1664 910 1712 certe
937 1656 965 1712 ia
993 1657 1086 1714 maltis
1114 1659 1175 1715 aliis

67 1757 150 1824 intuere,
170 1763 332 1836 quinctus,
356 1761 533 1822 auctoritate,
554 1759 675 1834 potentia
697 1759 729 1814 ad
754 1758 971 1816 coniurationem
1000 1759 1174 1817 adiuvandam

67 1861 128 1932 tusis
144 1882 219 1937 qaam
239 1865 285 1921 ille
307 1865 396 1921 idonei
411 1871 519 1919 assant:
539 1861 605 1917 iilml
625 1861 769 1917 dicundum
791 1861 874 1917 luisse
896 1861 1021 1936 adparet,
1043 1880 1104 1920 eum
1125 1880 1176 1938 per

66 1959 170 2023 littonias
191 1967 346 2024 ministrum
367 1965 496 2022 Catilinae
524 1974 552 2020 et
575 1964 710 2019 Autronio
737 1961 857 2018 oblatam
883 1964 976 2020 luisse.
1015 1964 1091 2032 boat
1119 1983 1174 2022 noa

65 2066 209 2135 simultas,
233 2067 286 2123 nisi
308 2068 353 2123 abi
377 2067 458 2123 luerit
481 2076 538 2122 tum
556 2066 619 2121 Pisa
642 2065 765 2121 adicitur.
803 2065 890 2138 Igitur
910 2066 933 2121 si
955 2066 1064 2122 Rornae
1082 2067 1123 2123 vel
1145 2071 1174 2124 in

65 2166 115 2221 ule
136 2170 262 2225 excidisse
290 2170 479 2231 statuerimus,
509 2167 671 2224 simillumus
692 2167 736 2223 bic
758 2166 833 2222 limus
856 2167 902 2223 fiet
930 2168 985 2223 (lat.
1007 2174 1055 2229 ⁶21,
1075 2176 1093 2229 3
1113 2184 1175 2225 esse

63 2266 228 2342 attenuata
250 2274 383 2328 citeriore
406 2272 549 2328 Pisonem.
589 2269 646 2343 lug.
668 2277 718 2331 35,
739 2278 751 2328 l
776 2270 851 2325 Erat
872 2285 907 2325 ea
929 2275 1094 2340 tempestate
1115 2270 1173 2327 Ro·

64 2385 108 2425 nae
119 2372 233 2429 Numida
249 2375 375 2446 atridam,
394 2376 506 2430 nomine
522 2371 658 2429 Massiua.
682 2378 725 2440 65,
744 2373 846 2434 tllrat
857 2379 1015 2444 praeterea
1036 2374 1065 2427 ia
1086 2387 1174 2427 caer-

63 2473 105 2527 eitu
121 2484 209 2531 nostro
233 2476 360 2531 Numida
377 2475 505 2548 quoidam,
528 2475 639 2530 narniae
662 2473 774 2531 Gauda.

125 2576 184 2633 leun
204 2578 233 2650 3.
256 2583 274 2638 6
300 2577 380 2633 rerln
402 2594 437 2634 ea
457 2594 490 2634 re
509 2579 624 2649 counita
649 2576 722 2649 quod
747 2577 828 2632 sciam
858 2594 951 2633 omnes
975 2577 1011 2632 ita
1041 2577 1174 2652 interpre-

63 2677 98 2729 tati
112 2690 178 2742 sunt,
207 2689 238 2736 ut
265 2678 410 2736 aurisilimn
439 2678 528 2735 caedis
556 2678 722 2754 patefactam
748 2679 831 2735 tuisse
859 2696 971 2753 eamque
995 2680 1030 2735 ob
1052 2698 1173 2737 caussam

62 2780 198 2838 inanimatos
220 2781 287 2838 illud
309 2781 448 2838 distulisse
466 2781 519 2837 dici
541 2781 748 2837 arbitrarentur.
789 2781 836 2838 Ceri
860 2781 950 2837 obstat
973 2781 1090 2855 primum
1110 2801 1174 2838 usus

63 2879 117 2934 urbi
137 2899 320 2956 euanescere,
345 2883 418 2956 quim
439 2884 543 2957 passive
573 2883 609 2940 ita
639 2892 669 2939 ut
698 2882 861 2957 signiticaret
884 2883 1021 2956 patefieri,
1045 2884 1174 2957 evtslgari,

64 2994 145 3039 anone
164 2986 257 3061 accipi,
281 3002 413 3059 nusquam
434 2985 535 3041 dictum
558 2994 609 3048 est,
628 2994 685 3040 tum
708 2986 777 3040 ratio
800 2985 982 3058 grammatica.
1016 2987 1081 3042 Cum
1102 2987 1174 3042 euim

62 3077 119 3137 latini
140 3089 284 3162 scriptores
312 3087 381 3143 bane
412 3085 498 3160 legem
520 3087 737 3160 diligentissume
767 3087 976 3150 observaverint,
1002 3097 1032 3144 at
1065 3088 1173 3143 alrlntivi

62 3181 152 3242 ababa
171 3207 278 3264 semper
299 3190 332 3245 ad
356 3189 425 3245 idem
451 3189 602 3245 subiectum
627 3190 808 3251 referrentur,
839 3191 890 3245 nisi
920 3208 974 3264 <1¹¹0
1004 3192 1174 3265 pertinerent

63 3300 100 3354 pu
116 3307 139 3343 se
159 3292 222 3347 satis
247 3291 421 3365 perspicuum
441 3299 514 3346 esset
537 3290 625 3362 (Fabri
648 3291 679 3345 ad
702 3291 758 3364 lug.
783 3301 830 3354 10,
851 3291 884 3364 1).
908 3292 966 3348 ride
989 3309 1021 3348 ne
1045 3292 1174 3348 Sallustio

62 3384 174 3460 talianum
197 3393 232 3448 sit
261 3402 362 3449 tantam
383 3391 587 3465 ambiguitatem
614 3392 638 3447 ei
669 3393 796 3449 tribuere.
845 3393 905 3456 Set,
933 3394 959 3449 id
986 3395 1058 3468 quiid
1087 3395 1174 3451 reialta

60 3491 145 3557 rarius
164 3501 218 3556 est.
249 3512 293 3551 res
318 3495 417 3550 obstat.
469 3493 573 3550 Etenim
596 3496 618 3550 si
643 3494 694 3550 iam
719 3504 781 3551 nato
804 3495 935 3552 liniendas
954 3497 1090 3553 lanuarias
1110 3515 1175 3554 con-

60 3587 139 3647 iuratio
157 3597 288 3668 patefacta
312 3596 422 3655 luisset.
447 3597 512 3669 qaid
535 3597 608 3670 qirod
629 3598 655 3653 in
678 3596 774 3670 volgus
798 3607 876 3660 nota,
900 3606 930 3654 ut
954 3598 1067 3672 counita
1091 3600 1175 3672 signi·

59 3688 122 3745 itan
136 3711 238 3752 neeesse
257 3706 339 3759 esset,
364 3714 427 3753 num
449 3697 578 3755 credibile
603 3706 661 3759 est,
686 3697 752 3754 nibil
777 3718 890 3773 prorsus
912 3700 945 3755 do
964 3718 994 3756 en
1016 3719 1045 3757 ro
1068 3701 1175 3775 pedibas

58 3797 290 3861 statuissem
312 3816 434 3856 caussato
457 3798 606 3872 neglectam
628 3818 697 3862 esse,
720 3801 759 3857 uti
781 3802 914 3858 coniurati
938 3803 1081 3860 eterrsilium
1097 3820 1175 3858 suum

59 3892 79 3946 iu
96 3893 171 3955 bonas
191 3899 359 3963 Februarias,
384 3909 436 3957 tarn
459 3903 643 3976 propinquum
667 3911 781 3978 tempus,
803 3903 913 3960 ‹lillerre
935 3906 1082 3961 auderent?
1111 3904 1175 3977 (tm.

58 3992 133 4068 Hagen
157 4001 230 4057 Catil.
262 4021 289 4078 p.
312 4003 372 4076 99.)
403 4003 500 4060 Narrat
529 3986 670 4078 uraeterea
698 4005 805 4062 Cassius
828 4006 875 4062 bio
900 4006 1009 4078 (xxxvl
1036 4012 1078 4065 m.
1118 4006 1174 4061 Vid.

58 4094 162 4155 tamt
182 4122 208 4178 p.
230 4104 332 4166 3901!
354 4123 379 4179 p.
402 4111 438 4166 88
459 4113 487 4160 et
509 4106 572 4179 515)
595 4124 680 4162 nosos
704 4107 839 4169 eonsules,
855 4126 916 4164 eum
931 4109 963 4164 do
987 4108 1109 4183 periculo
1128 4107 1175 4163 ali·

57 4215 101 4269 ‘tter
119 4208 259 4262 carimoniti
275 4215 382 4268 essent.
409 4206 536 4263 liniendis
559 4208 688 4264 launariis
716 4228 776 4266 cunr
800 4210 934 4284 praesidio
960 4219 1125 4266 mruntorum
1149 4211 1175 4264 in

56 4301 193 4374 *autolium
218 4310 306 4372 ivisse,
327 4326 440 4382 eamque
461 4308 497 4364 ob
517 4326 637 4366 caussam
654 4311 811 4367 coniuratos
837 4330 893 4368 rem
913 4311 1071 4369 distulisset
1099 4312 1176 4380 Quod

56 4421 73 4455 a
91 4410 206 4465 statueris
227 4419 291 4467 aute
313 4426 350 4467 ea
371 4426 404 4466 re
423 4413 536 4483 counita
558 4411 583 4466 id
607 4422 746 4469 narratum
767 4414 850 4469 luisse
868 4422 909 4469 set
931 4414 1002 4470 malo
1021 4433 1085 4472 casu
1107 4415 1176 4471 exci-

109 4519 237 4578 Smasa.
254 4540 300 4577 tn.
318 4525 456 4577 Dureau.
947 4513 967 4574 2
