2768 5010
184 366 225 426 96
505 385 730 427 nrsroarsavu
753 387 816 426 nis.
840 386 873 431 ιν
895 377 1012 432 8·-11.

182 533 312 595 supttiuia:
330 533 358 581 in
371 532 442 583 silva
456 533 513 583 Sila
527 535 637 584 lnemnt
656 532 699 600 [al.
719 537 869 601 ingerunt]⁸
902 537 971 585 Vide
984 551 1047 586 num
1061 535 1235 587 scribundum
1254 539 1293 587 sit
1306 545 1331 587 r'n

183 602 268 649 sibam
286 601 364 650 Situm
379 603 509 666 superant.
547 603 718 667 Spartacum,
738 619 798 653 curn
817 604 971 669 superiores
991 620 1051 654 esse
1071 606 1166 654 Crassi
1179 606 1276 669 copias
1289 607 1329 654 ia-

184 667 345 728 tellexisset,
365 669 394 717 iu
413 675 560 718 extremum
580 671 714 720 Bruttium
733 672 853 786 topicae,
873 672 944 720 unde
963 672 990 720 ia
1010 672 1133 722 Siciliam
1149 673 1329 735 transiceret,

185 741 293 786 constat
306 736 387 799 (Plut.
400 736 492 787 Crass.
505 736 544 786 10.
558 740 627 803 App.
642 739 668 786 b.
684 755 707 787 c.
722 740 733 788 1
751 738 759 787 l
780 738 797 786 8
810 756 836 802 p.
848 738 906 789 533.
924 738 999 788 Flor.
1013 741 1037 788 ll
1048 738 1072 799 8,
1086 741 1125 793 ta
1144 742 1239 790 Drum.
1253 741 1272 789 l.
1281 741 1328 799 e).

270 854 369 934 8[lir.
389 863 431 913 aa,
454 860 483 914 G.
502 854 540 935 t].
589 855 683 924 ltalia,
713 875 788 935 «pirae
811 856 867 916 sub
895 858 995 918 trabes
1023 857 1116 919 locata
1144 840 1250 919 ritibus
1279 866 1329 919 aut

182 957 270 1032 uirgis
291 955 463 1017 vinciebant.

268 1075 345 1123 drus.
364 1091 390 1140 p.
410 1073 474 1123 261:
493 1074 545 1122 Sub
558 1078 624 1124 illanc
636 1092 689 1123 reru
701 1078 815 1124 taratros.
855 1077 924 1126 Nove
943 1078 997 1125 Sat.
1017 1077 1087 1127 Hiat.
1103 1068 1159 1128 lV:
1179 1077 1253 1128 dolia
1266 1093 1326 1127 crim

184 1143 234 1192 sub
255 1169 283 1178 -
304 1143 472 1192 vinciebant.
507 1145 571 1197 Cion,
592 1144 662 1207 quotl
676 1145 727 1191 (lu.
742 1142 861 1203 exhibet,
882 1146 946 1208 quia
966 1144 1098 1209 explicari
1117 1161 1170 1194 non
1189 1161 1270 1210 posse
1288 1148 1326 1195 vi-

184 1210 314 1269 debatur,
339 1212 431 1274 recepi
456 1210 636 1260 lriudemunui
662 1210 878 1260 emendationem
909 1220 981 1277 praue.
1022 1212 1198 1277 Spartacum,
1224 1229 1285 1262 cum
1303 1231 1326 1262 ·a

183 1279 279 1343 piratis
298 1278 423 1327 desertus
442 1283 528 1338 esset,
550 1285 623 1326 rates
642 1278 811 1336 confecisse,
831 1285 873 1328 sot
892 1281 931 1328 eis
950 1281 1068 1328 transire
1087 1281 1113 1328 in
1128 1279 1252 1329 Siciliam
1272 1281 1326 1330 sru-

184 1351 242 1415 stra
265 1351 393 1394 conatum
419 1361 498 1404 csse,
523 1350 640 1394 testatur
658 1345 732 1394 Flor.
752 1345 826 1403 118,
848 1345 892 1396 13:
917 1347 952 1395 ibi
973 1353 1045 1396 circa
1066 1347 1189 1397 Brittium
1212 1350 1326 1412 capulans

183 1415 257 1468 cirisi,
281 1429 335 1461 curn
355 1413 441 1476 sapam
464 1416 490 1460 ia
507 1412 619 1461 Siciliam
636 1419 762 1475 pararent
781 1429 861 1478 neque
880 1418 980 1478 accipin
1002 1421 1182 1478 suppeterent,
1206 1423 1326 1481 ratesque

184 1495 220 1530 ea
236 1479 350 1529 trabibus
368 1488 392 1529 et
411 1482 485 1529 doleo
502 1495 602 1531 conexa
619 1481 732 1545 sirpultir
753 1484 915 1544 rapidissimo
934 1483 1004 1543 freto
1024 1484 1126 1547 frustra
1143 1488 1327 1548 eapertrentur

184 1574 217 1583 -
236 1562 269 1596 cx
288 1562 339 1610 quo
357 1547 417 1597 loco
436 1547 488 1597 huc
502 1548 675 1597 referundum
689 1563 748 1597 csse
763 1549 833 1613 quod
846 1549 969 1616 sequitur
984 1550 1176 1615 fragmentum,
1197 1552 1325 1600 certissu-

184 1630 255 1665 mum
276 1620 325 1665 est.

271 1734 289 1794 9
314 1733 374 1814 [llr.
390 1741 432 1793 30.
462 1737 491 1792 G.
508 1733 566 1814 39].
610 1734 768 1813 luplicatae
791 1743 880 1826 rates·
894 1737 1053 1796 ministeria
1075 1735 1283 1813 prohibebant.

268 1853 354 1903 Prisc.
373 1853 413 1902 IX
431 1870 456 1917 p.
476 1851 540 1912 473,
559 1851 605 1901 ubi
624 1852 657 1902 dc
676 1853 780 1918 duplici
799 1853 887 1903 forma
905 1856 1033 1918 inplicitus
1051 1859 1079 1904 ct
1096 1857 1231 1918 inplicatus
1249 1855 1323 1904 dicit.

183 1921 274 2040 bibliis
289 1921 415 2039 {pizzipus
433 1919 536 1986 rapidis
553 1920 626 1970 inter
644 1935 674 1970 se
692 1920 837 1987 inplicitas
850 1921 979 1971 videntur
991 1923 1085 1987 itaque
1103 1923 1247 1988 navigatio
1267 1939 1326 1988 pro·

270 2107 337 2168 *10
359 2107 419 2188 [Kr.
435 2069 480 2166 lit.
510 2111 569 2166 (1.1
591 2105 663 2187 128]
711 2107 744 2166 G.
769 2105 876 2168 Verres
905 2108 1002 2169 littora
1030 2107 1129 2169 ltaliae
1160 2110 1322 2187 propinqua

183 2212 317 2272 tirruavit.

269 2313 300 2361 ln
320 2312 378 2361 cod.
400 2311 451 2361 Ga.
470 2309 598 2359 Arusiani
618 2309 659 2374 (p.
678 2309 745 2372 254)
764 2315 826 2375 post
841 2312 1016 2375 propinquant
1040 2312 1077 2360 illi
1096 2314 1150 2361 loca
1175 2315 1203 2360 et
1219 2316 1323 2375 propin·

184 2387 261 2447 piuant
280 2384 345 2429 illurn
363 2383 442 2429 locum
459 2378 530 2427 liaeo
550 2377 690 2442 leguntur:
717 2378 887 2444 Psopinquum
900 2380 944 2427 illa
961 2393 998 2426 re.
1030 2377 1124 2428 Solent.
1136 2379 1225 2428 Hira:
1245 2379 1277 2429 G.
1291 2379 1321 2428 G.

183 2449 276 2498 Verris
294 2447 387 2496 littora
405 2445 488 2495 ltalia
514 2446 667 2511 propinqua
690 2443 815 2496 firmavit.
857 2446 916 2495 lam
939 2446 967 2494 in
991 2446 1080 2511 priore
1106 2447 1127 2497 θ
1150 2445 1238 2495 latere
1261 2445 1324 2494 libri

183 2531 324 2565 numerum
344 2519 425 2563 acute
444 2512 650 2562 Lindemannus
669 2513 818 2578 perspexit,
838 2517 881 2562 set
900 2513 989 2562 minus
1008 2518 1084 2562 recte
1104 2529 1164 2562 cum
1182 2513 1222 2563 VI
1240 2513 1323 2562 fuisse

184 2585 339 2649 suspicatus
364 2586 413 2631 est.
454 2580 574 2630 Ubinam
598 2580 669 2631 euim
693 2582 853 2646 scriptorem
874 2581 909 2633 de
940 2597 973 2629 ea
997 2597 1026 2630 rc
1055 2581 1212 2646 narravisse
1238 2581 1323 2630 credi-

184 2650 239 2701 bile
265 2656 326 2712 cst,
356 2649 410 2697 nisi
437 2648 483 2697 ubi
507 2647 541 2696 de
566 2648 693 2713 Spartaci
721 2647 749 2697 in
773 2647 895 2697 Siciliain
920 2649 1078 2697 transeundi
1103 2647 1217 2698 consilio
1240 2647 1324 2697 dixit?

183 2719 307 2783 Adparet
324 2733 390 2782 crgo
408 2717 446 2764 lv
465 2716 659 2780 contigeudum
678 2731 747 2764 esse.
779 2717 831 2765 Pro
853 2717 947 2766 Verris
964 2717 1159 2765 nominativum
1178 2717 1323 2764 restituen-

184 2785 247 2835 dum
266 2801 326 2834 esse
351 2785 440 2848 quivis
463 2783 545 2832 videt.
582 2785 629 2832 Set
652 2783 736 2832 multo
759 2783 899 2833 difficilior
920 2783 991 2832 haec
1009 2785 1134 2848 quaestio
1154 2789 1196 2832 est
1214 2789 1324 2832 rectene

185 2852 380 2918 grammaticus
399 2850 512 2901 Sallusti
532 2850 619 2899 locum
638 2851 783 2900 rettulerit.
819 2850 978 2900 ablativum
1000 2851 1085 2916 igitur
1108 2866 1168 2900 cum
1185 2867 1325 2914 macrinus

185 2921 306 2973 uinctum
329 2919 435 2968 ratione
459 2918 569 2967 defendi
592 2919 651 2983 ipse
671 2918 805 2982 quondam
831 2919 865 2967 ad
884 2920 943 2982 lug.
970 2917 1013 2977 18,
1036 2918 1064 2966 11
1084 2924 1112 2967 ct
1132 2917 1176 2978 ta,
1195 2919 1211 2967 1
1230 2935 1256 2983 p.
1279 2917 1325 2967 lllb

185 2988 302 3036 ostendi.
339 2987 457 3044 Tamen,
478 3001 538 3034 cum
557 2987 628 3035 ratio
647 3002 696 3050 per
714 3003 744 3034 se
763 3000 858 3051 parum
877 2986 984 3045 valeat,
1010 2986 1061 3035 nisi
1080 3001 1145 3034 ustis
1164 2986 1323 3039 adcesserit,

184 3056 314 3104 drusiani
332 3054 399 3104 tides
418 3055 547 3102 minuitur
564 3053 597 3101 de
617 3053 703 3102 altero
723 3053 782 3103 loco
800 3053 859 3118 lug.
883 3052 920 3112 la,
937 3052 965 3101 ll
985 3054 1127 3102 Diomedis
1145 3071 1171 3118 p.
1184 3052 1236 3102 410
1248 3055 1324 3103 testi·

184 3124 273 3172 monio
288 3129 316 3172 et
326 3122 405 3171 libris
418 3120 602 3171 sallustianis.
634 3121 674 3169 Ad
687 3137 757 3182 quiae
777 3136 837 3169 cunr
856 3121 980 3181 adcedat,
1002 3121 1071 3185 quod
1084 3120 1168 3169 libros
1186 3122 1241 3170 iam
1255 3122 1325 3170 auti·

185 3193 276 3254 quitus
295 3189 386 3238 multis
399 3189 485 3238 modis
499 3193 643 3253 corruptos
656 3189 741 3238 fuisse
755 3195 783 3238 et
795 3189 988 3253 grammaticos
1001 3189 1194 3253 praeiudicata
1207 3189 1325 3253 quadam

185 3260 310 3322 opinione
335 3257 465 3307 Sallustio
488 3255 628 3305 mirabilia
653 3262 734 3319 atquc
763 3255 938 3305 incredibilia
967 3256 1113 3304 adtinuisse
1138 3261 1261 3310 constat.
1294 3271 1325 3305 co

185 3329 273 3375 atinus
292 3341 395 3391 negare
410 3324 497 3373 asuleo
510 3324 673 3372 drusiacum
687 3325 770 3372 etiam
789 3323 840 3371 lroc
859 3323 918 3372 loco
939 3323 1011 3371 ialsu
1030 3324 1167 3387 scriptura
1181 3324 1324 3388 deceptum

185 3395 280 3453 tuisse,
301 3409 354 3458 quo
373 3394 460 3441 minus
479 3406 578 3440 caussa
598 3392 656 3450 fuit,
677 3405 725 3439 cur
738 3390 884 3440 Sallustius
897 3390 930 3439 de
944 3389 1058 3440 Siciliae
1071 3390 1208 3440 littoribus
1222 3391 1324 3448 dicens,

186 3462 296 3511 ltaliam
307 3477 368 3510 eum
380 3460 470 3509 locum
480 3459 629 3522 delcgeret,
644 3457 714 3507 rande
725 3457 773 3506 illa
785 3459 861 3522 regio
872 3465 1045 3522 spectaretur
1055 3465 1082 3506 et
1095 3459 1324 3508 consideraretur.

276 3581 306 3639 11
332 3578 391 3659 [lii.
407 3585 449 3636 63.
473 3583 502 3636 G.
518 3577 557 3656 7].
594 3556 811 3655 Suspectusq'ue
827 3577 889 3644 luit,
907 3577 1049 3636 incertum
1070 3595 1137 3637 scre
1152 3584 1325 3654 eapropter

185 3662 414 3762 neglegentiam.
437 3680 605 3740 societatem
625 3678 801 3756 praedarum
824 3697 891 3738 cum
914 3678 1077 3738 latronibus
1099 3680 1300 3758 conposuisse.

271 3801 338 3849 Non.
358 3816 384 3864 p.
407 3799 452 3847 lii
472 3814 512 3862 sq.
536 3797 585 3847 111111
603 3798 687 3847 verbo
704 3812 867 3860 componere,
891 3800 1055 3854 eaesbnalare,
1075 3799 1175 3861 finpere
1199 3814 1233 3847 ex
1255 3797 1325 3847 libro

185 3870 241 3918 Illl
259 3869 329 3917 haec
350 3866 461 3924 adtulit,
486 3867 525 3914 ita
544 3865 660 3930 scripta:
681 3872 862 3930 suspectusque
882 3865 933 3926 fuit
951 3868 1070 3914 incertum
1088 3880 1147 3914 aero
1166 3882 1197 3914 ac
1216 3881 1266 3929 per
1284 3879 1326 3915 nc-

183 3939 333 4000 plcpentiara
349 3938 494 3984 aodetatern
510 3935 666 3998 praedurum
683 3949 736 3982 cina
758 3933 898 3983 latronibus
913 3937 1101 3995 composuisset.
1132 3933 1190 3981 lam
1211 3933 1240 3981 iu
1263 3949 1325 3997 pro-

186 4004 278 4068 patulo
299 4011 348 4061 cst,
369 4003 506 4051 ultumum·
517 4001 628 4050 verbnm
649 4000 683 4048 ab
701 4008 832 4065 suspectus
847 4000 897 4060 fuit
915 4001 1034 4065 pendere
1052 4000 1153 4049 debere
1172 4002 1265 4064 itaque
1285 4002 1325 4050 ia·

186 4071 319 4121 finitivum
338 4070 541 4119 rescribendum
560 4084 634 4127 esse,
660 4085 710 4116 uec
734 4069 822 4118 minus
840 4069 932 4118 verbis
954 4073 1074 4117 incertum
1093 4096 1124 4103 —
1143 4072 1326 4132 neplepenticnr

187 4140 321 4188 contineri
339 4139 475 4203 duplicem
495 4137 737 4202 interrogationem
755 4137 954 4202 interpositam,
973 4137 1000 4184 iu
1015 4151 1068 4200 qrra
1080 4137 1195 4200 primum
1215 4137 1254 4184 uti
1266 4153 1326 4185 uere

187 4207 347 4256 restituatur
365 4206 472 4255 dicendi
492 4205 659 4253 consuetudo
677 4204 810 4268 postulat,
837 4210 891 4252 tum
914 4221 964 4268 per
986 4207 1166 4267 neplcpentiaru
1185 4204 1253 4252 sem*
1271 4220 1327 4253 non

187 4281 284 4339 potest.
323 4275 392 4335 Quid
412 4273 483 4321 eninr
503 4272 567 4320 lica:
587 4274 719 4321 incertum
739 4288 773 4320 an
787 4289 836 4336 per
848 4271 1052 4335 neglegentiam
1067 4276 1211 4336 suspectus
1224 4271 1327 4321 suerit?

187 4343 314 4389 Delicbat
333 4349 406 4390 cerm
426 4346 483 4404 ‘per
502 4357 577 4389 suain
598 4341 682 4403 ipsius
701 4340 922 4401 rieglcgentiurn’.
959 4339 1056 4388 Facile
1081 4345 1171 4388 autern
1191 4340 1279 4388 estid
1300 4340 1327 4388 iu

185 4416 295 4472 propter·
307 4414 421 4457 mutare.
453 4408 530 4458 Haec
544 4409 577 4457 de
591 4409 627 4456 bl.
640 4409 758 4456 Antonio
777 4407 903 4469 intellegi
922 4422 975 4455 uon
989 4423 1068 4471 prosse.
1088 4408 1191 4470 (ltnuu.
1207 4408 1218 4456 l
1233 4423 1258 4473 p.
1271 4407 1327 4471 aa),
