2768 5010
129 366 170 427 44
368 368 387 397 ⁶
464 384 766 431 counrururwuun
791 386 862 431 car.
885 389 933 431 111.

129 541 238 597 modum
261 541 294 597 ab
317 540 433 605 Graecis,
455 548 613 617 couterupto
642 543 781 599 borninuua
804 562 919 618 genere,
951 561 1021 619 quos
1048 545 1125 602 analis
1149 546 1246 604 rnoriba

129 652 210 717 atque
223 643 356 700 institutis
372 644 399 699 in
414 645 572 702 seruitutem
583 645 709 702 redactos
722 662 782 701 esse
799 655 946 710 constaret.
964 647 1125 704 arcessitum
1140 648 1246 706 dixisse!

129 745 185 815 (lna
202 764 231 801 re
253 763 313 801 cunt
333 747 414 802 eliani
428 746 479 803 alia
498 748 523 803 ei
546 747 696 804 sententiae
718 746 827 805 obstare
843 748 990 812 rideantur,
1012 750 1156 807 audaciore
1171 768 1247 825 gener

130 848 287 905 emciulandi
303 847 354 905 boc
377 847 438 905 loco
457 849 645 915 abstinendum
666 866 772 906 censeo.
810 849 856 906 Set
871 850 894 907 si
916 868 948 907 eo
971 850 1041 914 luco,
1066 869 1121 926 quo
1145 853 1173 908 in
1192 850 1246 909 libr

129 952 233 1007 inventa
255 960 327 1014 sunt,
349 951 545 1026 relinquantur,
568 969 632 1007 sane
654 951 752 1008 Caesar
772 950 874 1026 aliquid
894 954 1025 1027 consequi
1049 953 1185 1018 rideatur,
1209 972 1246 1011 cut

128 1071 188 1109 euru
214 1052 301 1127 ipsum
324 1071 441 1117 innarenn,
471 1072 549 1129 quent
575 1053 741 1110 reiciunduua
762 1061 886 1117 censeat,
915 1055 1089 1129 peregrinum
1109 1073 1171 1113 esse
1187 1056 1246 1114 dica

129 1157 175 1213 Set
193 1174 282 1213 aronae
307 1165 362 1212 tunt
385 1156 500 1212 iuniores
521 1157 608 1212 tatinus
631 1155 767 1229 sapientes
788 1156 870 1212 lauisse
889 1155 1046 1214 riderentur
1067 1175 1178 1215 necesse
1199 1158 1246 1215 luit

127 1259 159 1315 Et
182 1259 264 1333 quid?
285 1276 348 1314 nunt
366 1257 506 1314 Caesarem
527 1258 656 1316 credibile
673 1266 715 1316 est
738 1256 855 1321 senuisse,
877 1258 949 1330 quod
971 1257 1067 1315 lalsntn
1088 1276 1149 1315 esse
1169 1261 1191 1315 si
1214 1278 1246 1318 uo

127 1379 233 1422 orienes,
261 1358 339 1416 inulti
362 1369 450 1415 taaneu
473 1378 505 1415 ea
528 1360 608 1416 rebus
633 1359 752 1417 romanis
775 1360 914 1432 cognitum
935 1360 1079 1424 haberent,
1106 1362 1246 1436 praesertit

125 1481 186 1520 ctam
206 1463 232 1518 iel
254 1462 287 1518 ad
304 1462 530 1518 conmendandum
554 1480 628 1519 suam
648 1462 808 1520 senteutiam
827 1461 943 1518 minume
963 1462 1088 1519 idoneum
1102 1465 1193 1520 esset?
1226 1464 1246 1520 Α

126 1563 292 1626 Sallustium,
315 1581 394 1638 quent
414 1563 554 1621 Caesarem
578 1566 612 1621 ab
634 1564 789 1639 obprobriis
804 1563 974 1621 inimicorum
989 1564 1133 1622 defendere
1149 1566 1246 1623 voluiae

126 1668 198 1723 inter
210 1664 282 1721 viros
297 1666 539 1729 doctosconreuit,
558 1667 610 1724 tale
633 1667 734 1743 aliquid
748 1667 807 1722 eius
828 1683 960 1740 personae
980 1665 1163 1740 inpositururn
1182 1667 1246 1725 laisa

126 1767 265 1844 opinaris?
303 1766 372 1834 Qutu
402 1766 506 1823 multa?
549 1767 636 1825 Verba
672 1768 716 1825 illa
743 1767 819 1826 scioli
847 1767 1015 1841 grammatici
1044 1768 1169 1825 ridentur
1196 1788 1246 1827 esst

126 1873 172 1946 qui
192 1888 253 1928 cuni
274 1878 388 1945 propter
415 1871 601 1943 praecedentia
629 1871 753 1928 erederet
780 1870 851 1926 bunc
878 1887 987 1943 quoque
1011 1887 1114 1926 morena
1136 1871 1171 1927 ab
1188 1888 1246 1946 pert

125 1974 211 2048 grirtis
236 1979 375 2048 accepturu
398 1973 542 2029 dicundum
565 1973 661 2034 lauisse,
691 1972 874 2045 memoriaque
901 1979 1005 2028 teneret
1027 1989 1050 2027 a.
1073 1978 1125 2032 loa
1148 1974 1246 2030 atticus

124 2078 223 2132 niissos
242 2091 310 2138 esse,
327 2075 374 2149 qni
396 2074 510 2132 inclutas
534 2075 608 2148 leges
627 2073 735 2130 Solonis
757 2072 942 2130 describerent
965 2082 991 2129 et
1007 2073 1119 2130 aliarnru
1139 2075 1246 2133 Graecia

123 2178 272 2236 eivitatium
306 2177 430 2233 instituta
459 2194 548 2234 rnores
577 2178 688 2249 iuraque
717 2184 862 2232 noscerent
890 2174 960 2248 (biv.
984 2175 1017 2231 lll
1036 2184 1069 2236 31
1092 2176 1187 2249 extr),
1208 2177 1246 2234 sir

124 2298 178 2355 quo
201 2278 311 2336 Sallusti
334 2279 484 2336 orationem
508 2277 662 2353 subpleret,
688 2278 743 2334 sire
765 2278 904 2335 doctrinae
927 2277 1102 2334 ostentandae
1123 2287 1246 2352 gratiae

123 2381 306 2456 adscripserit.
350 2381 397 2436 Cui
420 2381 569 2437 sententiae
587 2397 642 2437 non
665 2397 759 2436 vereor
779 2397 812 2436 nc
833 2379 1001 2453 obponatur‚
1031 2379 1098 2435 satis
1126 2387 1246 2437 retusior

122 2484 205 2540 rideri
227 2483 422 2545 adsumentum,
442 2483 515 2555 quod
536 2482 617 2538 etiani
635 2483 661 2537 in
682 2481 710 2542 ⁹3
733 2481 891 2538 inveniatur.

208 2686 293 2743 Verba
315 2686 372 2758 lug.
396 2693 441 2747 19.
466 2692 480 2743 l
506 2685 611 2742 Postea
639 2685 796 2742 Phoenices
824 2686 875 2740 olii
899 2655 1086 2740 multitudinis
1112 2686 1190 2741 domi
1212 2686 1246 2743 nit

122 2792 253 2845 arcendae
274 2790 380 2860 uratia,
401 2803 475 2858 pars
496 2789 593 2861 inpari
613 2789 746 2859 cupidine
768 2788 920 2843 sollicitata
940 2788 1021 2857 plebe
1042 2792 1070 2841 et
1087 2787 1153 2842 aliia
1175 2804 1246 2845 noer

122 2910 186 2947 rum
210 2907 307 2947 rectem
332 2892 436 2960 aeduis,
468 2891 630 2962 Hipponem
655 2870 865 2944 Hadrumetum
889 2889 998 2960 Leptim
1026 2890 1158 2960 eliasque
1182 2882 1246 2947 urbi

121 2997 149 3050 in
173 3011 226 3049 ore
248 2994 402 3048 marituma
422 2994 575 3049 condidere
597 2991 634 3047 ita
656 2990 768 3047 confusa
789 2997 860 3053 suut,
887 2999 916 3046 ut
938 3007 1039 3053 ornnes,
1063 2989 1109 3064 qni
1127 3007 1161 3047 ea
1178 2990 1246 3067 expli

121 3114 182 3153 care
203 3097 345 3155 studuere,
369 3095 401 3150 ad
423 3101 567 3151 contortas
591 3093 709 3148 rationes
728 3092 910 3165 confugerint,
952 3092 1005 3147 latu
1029 3092 1246 3153 remaneamus

121 3198 338 3259 consideremus:
356 3197 383 3252 iu
403 3213 457 3269 qtto
477 3194 542 3250 illud
565 3212 619 3250 nun
636 3194 817 3267 ‹petaereueluut
840 3194 954 3255 ridetur,
978 3193 1040 3268 quid
1065 3193 1246 3255 Sallustiuatl

120 3298 235 3356 coloniis
254 3298 407 3355 Phoeniciis
428 3305 566 3370 aceepttuu
588 3295 726 3357 babuerit,
756 3304 797 3351 set
827 3313 894 3368 qtras
922 3312 1031 3351 catassas
1065 3312 1157 3351 earum
1180 3296 1246 3355 detltt

120 3402 264 3459 cendaruui
281 3400 365 3456 luisse
389 3399 488 3454 dixisse
507 3397 635 3453 rideatur.
679 3398 743 3454 Natu
764 3397 789 3453 id
813 3416 867 3455 non
890 3397 995 3458 mittun,
1020 3397 1043 3451 si
1065 3392 1246 3458 nunueur'o

119 3521 226 3559 uraniam
255 3503 357 3576 sugerit
386 3508 551 3556 mercaturae
575 3499 728 3561 faciundae,
762 3501 915 3573 augendae,
941 3497 1141 3573 amplificandae
1166 3516 1246 3559 cauea

119 3605 218 3662 maritas
238 3603 359 3660 colonias
375 3604 502 3660 deductas
524 3620 592 3658 esse.
632 3602 743 3670 Quarulo
767 3602 852 3675 igitur
866 3599 939 3657 dorni
954 3599 1100 3681 auu-ltitndo
1117 3600 1246 3661 ntinnend

119 3706 273 3763 videbitur?
299 3714 423 3781 apertura
445 3712 577 3763 osteum
601 3723 729 3760 nutritoriis
748 3704 845 3761 eiciunt
862 3702 899 3758 ita
921 3703 1045 3765 creverit,
1061 3709 1091 3757 ut
1111 3704 1180 3776 agri,
1202 3704 1246 3783 op't

118 3810 185 3872 licia,
209 3808 328 3865 aedificia
350 3809 382 3865 ad
398 3824 445 3864 eos
468 3805 579 3862 alerulos
601 3816 627 3863 et
652 3807 766 3863 tuertdos
789 3824 843 3861 raon
866 3805 1009 3867 sttlsreiant,
1034 3812 1080 3859 aut
1103 3821 1165 3861 cunt
1182 3802 1246 3865 mult

118 3912 241 3969 seditiosi
261 3911 332 3968 eires
355 3911 418 3972 sint,
444 3909 489 3982 qui
509 3927 524 3963 a
545 3908 750 3982 ntagistratibns
766 3910 824 3964 siue
848 3907 871 3962 ri
894 3916 921 3963 et
943 3905 1073 3980 sangnine
1096 3925 1186 3982 neque
1201 3920 1246 3993 tq

118 4031 206 4088 raeque
224 4013 343 4069 coerceri
366 4029 447 4086 posse
471 4012 619 4067 rideantur.
662 4011 734 4078 Quae
759 4019 849 4066 auteur
871 4009 993 4066 ciuitates
1021 4008 1109 4082 iuperi
1133 4008 1246 4084 cupidi!

117 4115 239 4172 colunias
260 4115 378 4172 condere
396 4113 450 4170 dici
469 4116 601 4189 pansant?
641 4111 748 4169 Scilicet
772 4130 841 4186 aptae
863 4131 917 4186 quo
940 4111 1066 4184 repimus
1087 4118 1198 4167 teneant
1218 4096 1246 4171 ui

117 4216 244 4290 colasque
271 4216 376 4290 inperio
397 4221 557 4278 coerceant,
584 4215 621 4271 ibi
644 4234 709 4271 stitis
731 4215 801 4272 eires
821 4214 943 4269 babitare
965 4212 1066 4269 rolttnt.
1112 4192 1246 4289 thranrqfl¹

117 4336 238 4375 catusain
261 4317 429 4374 euloraiaruin
457 4317 675 4374 deductuularuui
703 4318 803 4374 Romae
826 4316 924 4378 ltrrsse,
952 4316 996 4389 qni
1025 4332 1068 4371 res
1097 4331 1193 4371 cornui
1217 4330 1246 4373 rr

116 4419 213 4475 leviter
236 4419 381 4493 adtigerit,
410 4436 464 4476 nou
487 4418 632 4492 ignorabit.
679 4420 767 4492 Atque
797 4418 897 4476 lactuut
925 4418 1033 4493 quidcrn
1054 4425 1111 4479 est.
1149 4425 1180 4473 ut
1209 4434 1246 4495 qu
