2768 5010
168 345 228 409 112
513 367 817 413 oouunnrarrouuu
839 368 911 414 cae.
933 370 963 413 v.

163 521 272 579 dillerrc
296 521 447 596 intelleges,
471 540 633 597 quamquam
655 494 754 581 Cicero
774 524 851 600 prius
868 524 934 582 illud
950 542 1006 581 nou
1025 543 1056 582 ex
1072 524 1211 601 Sibyllinis
1228 526 1306 582 libris

164 625 254 685 modo,
276 634 316 680 set
339 624 419 680 etiam
442 643 473 681 ex
494 626 648 699 aruspicum
675 627 814 700 responsis
838 627 950 684 «luctum
973 628 1059 685 luisse
1079 627 1217 691 adfinuat,
1248 627 1307 684 Sal·

164 725 265 783 lustius
287 726 363 801 prius
386 726 418 783 ael
440 725 587 800 Sibyllinos
608 726 703 791 libros,
726 726 842 785 alterum
866 728 899 785 ad
919 730 1059 804 aruspices
1081 729 1204 794 rettulit,
1227 747 1307 804 prae·

167 836 239 884 terea
262 828 305 884 bic
326 828 461 901 virginum
487 827 669 886 absolutionis
688 829 791 886 nullam
814 831 978 888 mentionem
1007 831 1080 889 lecit.
1125 831 1190 888 Uter
1215 832 1307 888 uerius

166 930 304 987 rettulerit
328 947 459 1004 quaerero
481 948 536 987 non
559 939 602 987 est
624 931 706 989 huius
727 931 794 993 loci:
818 950 869 1007 pro
891 933 1022 990 Cicerone
1049 950 1144 990 recens
1166 933 1306 995 mensoria,

165 1050 216 1106 pro
243 1031 372 1089 Sallustio
401 1050 495 1089 eorum
519 1050 588 1108 quae
611 1032 749 1090 Ciceronis
776 1034 853 1091 iussu
874 1034 1027 1109 perscripta
1053 1042 1132 1091 eraut
1160 1032 1212 1108 (pr.
1237 1033 1307 1089 Sull.

166 1141 207 1195 14,
225 1133 269 1207 4⁶2)
292 1153 359 1191 usus
382 1136 579 1193 conummorari
602 1143 710 1209 potest;
735 1135 788 1193 boc
816 1135 877 1193 loco
904 1134 972 1192 illud
994 1136 1087 1210 potius
1111 1136 1306 1209 quaerendum,

165 1254 229 1293 num
251 1237 278 1293 iu
298 1235 409 1294 Sallusti
431 1236 520 1293 serbis
540 1236 702 1312 conruptela
725 1238 775 1306 sit,
801 1255 869 1312 quac
891 1237 1029 1294 Ciceronis
1049 1255 1102 1313 ope
1125 1236 1185 1294 tolli
1206 1239 1305 1313 possit.

144 1340 229 1395 'llam
248 1340 347 1396 mirum
368 1339 494 1413 prolecto
515 1345 565 1400 est,
588 1338 661 1412 quiid
683 1339 742 1395 coil.
767 1358 792 1397 m
806 1333 828 1413 ¹)
849 1355 932 1412 quem
947 1340 1002 1396 sibi
1017 1354 1057 1395 eae
1072 1341 1215 1412 prodipiis
1234 1357 1306 1395 crn-

163 1444 258 1514 spiees
278 1443 493 1513 respondissent
514 1439 585 1496 betto
606 1441 682 1496 cirili
700 1447 851 1497 cruentum
869 1442 938 1516 sore
960 1441 1083 1506 exbibet;
1109 1440 1182 1515 quod
1210 1458 1243 1497 ex
1264 1459 1308 1497 er·

166 1560 229 1599 roro
247 1541 351 1598 librarii
373 1549 468 1598 uatum
490 1558 550 1598 esse
576 1559 639 1599 cum
664 1560 714 1616 per
735 1561 765 1599 se
787 1543 843 1599 reri
866 1543 954 1600 simile
976 1560 1033 1599 nou
1050 1543 1096 1606 sil,
1119 1550 1176 1600 tum
1199 1559 1232 1599 eo
1245 1543 1308 1599 reil-

165 1645 306 1717 arguitur,
327 1644 399 1719 quod
416 1643 448 1699 ad
465 1643 626 1699 sententiam
643 1646 826 1719 aptissumum
842 1653 893 1702 est.
937 1645 1002 1701 Nam
1017 1645 1142 1720 prolecto
1163 1644 1306 1709 Lentulus,

166 1763 254 1820 quem,
277 1753 307 1802 ut
328 1728 457 1802 melitites
480 1746 524 1807 sit,
549 1753 637 1801 tariaen
659 1746 839 1820 probabiliter
854 1748 998 1805 mentitum
1015 1763 1076 1804 esse
1092 1754 1307 1803 cousentaneum

166 1855 222 1911 est,
251 1865 312 1904 erim
340 1846 428 1902 tribus
457 1847 590 1904 Corneliis
615 1863 731 1921 regnum
758 1848 858 1906 Romae
884 1849 1012 1925 portendi
1042 1848 1163 1911 dixisset,
1190 1847 1307 1905 debebat

165 1967 377 2012 conmemorare,
402 1949 522 2033 unilelse
545 1950 656 2005 tertium
676 1949 832 2007 Cornelium
855 1969 929 2014 esse,
958 1951 1001 2007 cui
1028 1951 1113 2006 latum
1134 1950 1207 2005 leret
1229 1949 1306 2006 urbis
1366 1965 1370 1973 ’

165 2053 258 2128 potiri,
277 2052 465 2117 conclusisset.
510 2050 658 2125 Quodque
678 2069 708 2108 ro
727 2052 825 2109 melius
846 2052 1005 2110 confirmare
1024 2053 1125 2127 potuit,
1149 2068 1229 2126 quam
1244 2069 1306 2107 eum

165 2153 305 2211 oraculum
328 2154 380 2211 sibi
398 2154 501 2211 editum
522 2154 678 2228 proiceret?
717 2155 864 2229 druspiccs
887 2163 978 2211 autem
999 2154 1031 2210 ad
1054 2171 1085 2209 ea
1107 2171 1182 2211 saera
1201 2152 1306 2210 adbibi-

167 2264 288 2319 tosesse,
308 2275 377 2330 quae
389 2255 488 2331 aliquis
504 2263 534 2312 ut
557 2255 629 2330 qaroil
651 2254 701 2310 sibi
718 2257 930 2330 portenderetur
949 2256 1105 2330 conperiret
1118 2255 1242 2320 iaciebat,
1263 2257 1305 2310 rix

165 2366 207 2415 est
231 2358 305 2433 quod
326 2376 456 2416 moneam.
501 2359 539 2414 Ac
563 2358 650 2413 lateor
673 2357 789 2430 quidem,
812 2375 881 2432 quae
902 2356 968 2415 illud
989 2374 1151 2433 responsum
1173 2356 1305 2418 continet,

165 2460 273 2535 publice
296 2462 382 2534 magis
406 2478 486 2535 quana
508 2459 633 2534 privatim
654 2459 720 2516 editi
746 2460 849 2517 oraculi
869 2459 986 2536 speeiem
1008 2476 1074 2534 prae
1098 2478 1127 2517 se
1149 2459 1235 2520 lerrc.
1263 2465 1306 2514 set

166 2563 259 2636 quidni
282 2570 447 2624 statuamus,
470 2560 615 2617 Lentulum
634 2579 695 2618 eum
719 2581 774 2636 quo
797 2579 869 2620 anno
895 2570 1006 2638 optume
1025 2568 1180 2637 praeturam
1203 2560 1306 2636 petitu·

166 2682 213 2722 rus
236 2672 309 2720 esset
330 2695 366 2706 -
391 2663 495 2720 scilicet
520 2671 550 2719 ut
573 2663 749 2737 ignominiam
772 2664 824 2720 sibi
847 2664 992 2740 inpositam
1017 2662 1136 2725 tolleret,
1160 2692 1197 2702 -
1223 2677 1305 2736 quae·

166 2766 281 2827 sivisset,
303 2765 354 2823 boc
378 2783 540 2840 responsum
564 2766 701 2840 accepisse
726 2773 756 2821 ut
778 2783 811 2822 eo
833 2784 904 2823 auno
927 2772 1047 2840 peteret,
1077 2765 1124 2840 qui
1146 2771 1219 2820 esset
1240 2769 1306 2838 post

165 2867 292 2943 Capitolii
312 2868 496 2924 incensionem
514 2867 675 2942 vigesimum
697 2885 760 2925 eum
782 2869 853 2925 enim
876 2866 948 2925 bello
970 2865 1041 2924 civili
1066 2873 1209 2925 cruentum
1226 2863 1305 2921 lore?

165 2970 284 3029 Adceilit.
310 2970 382 3042 quod
403 2971 497 3026 Cicero
518 2969 630 3027 alteram
653 2978 757 3044 partem
777 2988 887 3034 eorum,
908 2986 978 3044 quae
995 2967 1127 3025 Lentulus
1148 2966 1238 3023 dicere
1261 2983 1306 3022 so·

166 3069 232 3129 litus
254 3079 336 3134 esset,
360 3071 397 3129 ita
419 3090 433 3128 a
456 3073 549 3147 priore
571 3080 680 3146 separat
700 3091 730 3130 ac
753 3073 891 3136 discernit,
918 3078 949 3129 ut
970 3071 1002 3127 ad
1025 3071 1077 3128 alia
1099 3067 1208 3126 oracula
1225 3085 1305 3142 mana

166 3175 199 3231 ad
228 3192 296 3248 quae
324 3174 351 3230 in
379 3176 472 3248 priore
500 3173 576 3231 illum
599 3183 737 3249 spectasse
765 3175 900 3250 adpareat.
945 3172 1023 3241 Quod
1049 3171 1072 3229 si
1102 3172 1156 3228 sibi
1179 3169 1232 3225 tale
1254 3178 1305 3231 est,

167 3277 239 3351 quod
267 3294 381 3351 prorsus
410 3277 578 3334 reiciumlum
606 3293 661 3333 uon
679 3277 816 3341 viileatur,
846 3277 966 3352 quid-de
995 3290 1091 3348 saepe,
1116 3271 1188 3348 quod
1211 3270 1306 3328 relicui

165 3377 229 3435 libri
253 3395 346 3434 omnes
368 3387 470 3441 teueut,
495 3378 682 3435 iudicandum?
726 3379 789 3435 blne
818 3397 849 3435 ex
876 3381 932 3435 sibi
947 3386 1112 3452 conruptum
1131 3392 1191 3432 esse
1213 3390 1306 3431 censa

166 3481 263 3542 bimus,
286 3498 318 3537 an
340 3479 466 3536 librarios
488 3481 525 3536 ita
544 3481 746 3537 emeuilavissel
784 3481 909 3538 llinume.
954 3481 1000 3537 Set
1027 3478 1110 3554 quid?
1138 3494 1229 3534 nonne
1250 3475 1306 3532 veri

166 3582 254 3640 sinule
285 3590 327 3638 est
354 3582 514 3640 Sallustium
539 3583 682 3657 scripsisse
710 3598 794 3656 quem
821 3599 909 3655 saepe
937 3584 992 3640 sibi
1015 3596 1054 3638 eae
1074 3581 1216 3654 prodipiis
1234 3578 1306 3634 eet?

166 3684 274 3743 Scilicet
297 3702 347 3759 pro
370 3686 540 3759 gravissumo
562 3703 592 3742 ac
615 3702 739 3742 maxumo
761 3686 937 3743 incitamento
955 3684 1108 3742 babendum
1123 3690 1173 3746 est,
1197 3681 1220 3736 si
1238 3680 1307 3737 idern

166 3805 222 3845 non
245 3787 337 3852 semel,
360 3798 402 3844 set
421 3806 501 3863 saepe
524 3805 556 3845 ex
578 3786 713 3862 prodigiis
731 3785 812 3844 alicui
840 3789 873 3845 ab
903 3786 1008 3844 uatibus
1032 3801 1194 3861 responsum
1214 3782 1305 3839 luerit.

251 3925 307 3980 Cat.
334 3931 376 3986 52
399 3932 432 3986 25
456 3943 528 3982 nunc
545 3942 597 4000 pro
614 3926 764 3996 deprensis
785 3923 826 3981 eol
849 3924 1036 3997 deprebensis
1059 3920 1234 3980 scribendum
1257 3934 1307 3993 pu·

167 4026 219 4085 tavi
239 4028 437 4098 (adpersionem,
458 4046 519 4085 cum
541 4028 641 4084 vetusti
666 4034 747 4101 atque
771 4027 875 4102 optumi
896 4026 959 4083 libri
983 4025 1007 4081 id
1023 4024 1185 4100 praeberent
1207 4030 1235 4078 et
1250 4021 1306 4077 reri

166 4129 283 4188 siiuilius
306 4131 443 4187 sileretur
470 4130 633 4187 insolentius
663 4130 772 4186 uerbum
802 4129 828 4185 iu
850 4128 977 4186 usitatius
998 4135 1198 4187 conmutatum,
1227 4140 1307 4198 quatu

166 4251 217 4308 pro
240 4242 372 4290 eorasueto
394 4235 482 4291 uitiatus
502 4234 703 4307 frequentatum
721 4231 880 4289 restitutum
903 4249 972 4288 esse.
1017 4229 1205 4303 Adprehendi
1217 4235 1306 4283 atatem

203 4416 227 4483 l)
246 4418 304 4469 Nec
322 4417 523 4485 neglegendum
543 4422 586 4469 est
599 4414 666 4473 intb
681 4430 765 4483 supra
782 4432 861 4483 saepe
881 4414 1021 4481 adpictum
1040 4427 1101 4466 esse
1119 4414 1137 4464 i.
