2768 5010
163 375 204 440 68
461 392 689 438 ursroureuvu
714 396 776 436 mn.
797 396 836 437 ιιι
856 386 986 440 21—24.

163 549 298 612 explicari,
311 547 339 595 id
352 545 702 610 qnodKritziuseumillum
715 547 881 595 sententiam
890 535 1081 611 conprobaret,
1095 547 1154 611 ipee
1160 547 1308 611 persensit.

163 615 277 664 Rectius
296 614 380 676 igitur
397 615 421 663 ie
439 615 467 662 in
487 614 528 663 ed.
549 614 706 664 novissume
719 613 856 664 intellexit
873 614 907 663 de
926 620 1019 680 pente,
1039 615 1085 679 qni
1097 614 1225 679 oppidum
1246 629 1308 664 con·

163 682 264 731 tinenti
281 681 423 746 iungebat.
455 681 522 730 Cum
536 681 634 730 Strabo
647 681 700 730 XII
713 697 739 746 p.
753 680 804 729 808
817 681 882 730 duos
901 681 972 731 tales
987 688 1085 746 pontes
1099 682 1184 731 fuisse
1198 682 1308 741 dixerit,

165 755 214 799 eut
227 749 342 798 alterum
355 755 452 814 postea
466 748 588 798 additum
602 764 662 798 esse
674 748 850 797 statuendum
869 755 924 806 est,
944 755 992 798 eut
1013 748 1129 798 alterum
1142 764 1196 798 non
1210 749 1308 814 oppido

166 817 322 871 adiunctum
343 817 438 865 fuisse.
475 816 615 880 Exptirori
637 816 692 864 diei
717 816 839 880 potuisse
865 816 891 864 id
910 817 979 880 quod
998 812 1086 866 libere
1105 816 1309 875 extenderetur,

164 886 357 950 porrigeretur,
376 884 549 948 intellegitur
568 899 600 933 ex
619 883 677 932 Cic.
697 883 757 932 loeo
777 883 811 932 ad
824 883 880 931 Ae.
894 885 932 932 IV
948 882 987 945 ld,
1009 883 1052 932 14:
1072 885 1193 942 utforum
1206 886 1309 934 luxere-

163 969 215 1002 uun
239 959 263 1001 et
286 968 364 1018 unque
388 953 422 1001 ad
444 956 536 1000 atrium
558 951 701 1000 Libertatis
723 953 918 1014 explicaremus.
959 952 1074 1000 Videtur
1097 951 1183 1016 igitur
1207 951 1309 1001 dictum

166 1021 251 1069 iniero
271 1020 304 1069 de
324 1020 392 1077 loeo,
413 1020 448 1068 ab
467 1019 629 1068 Mithridate
648 1026 791 1083 occupato,
812 1034 828 1066 a
847 1034 899 1082 quo
912 1033 980 1082 poue
997 1018 1044 1067 ille
1059 1019 1218 1085 angustiore
1233 1019 1309 1068 adltn

164 1092 221 1137 turn
240 1087 322 1137 latior
340 1092 368 1136 et
386 1087 539 1151 expeditior
557 1087 585 1134 in
603 1085 697 1136 urbem
716 1085 916 1151 porrigebatur.

249 1207 286 1266 21
309 1205 369 1286 [Kr.
382 1214 423 1262 2‘2.
447 1208 476 1262 G.
489 1201 547 1282 92].
576 1202 679 1264 lienus
696 1203 808 1264 ferreas
824 1210 853 1263 et
867 1203 921 1264 nlla
937 1205 1052 1265 aurem
1068 1204 1173 1264 idonea
1189 1206 1308 1265 inicere.

250 1325 328 1373 Arne.
349 1341 375 1388 p.
394 1323 457 1371 242:
483 1323 603 1371 Idoneuru
619 1323 699 1380 factet.
736 1322 832 1372 Suturt.
851 1323 921 1371 Htst.
941 1318 992 1371 ΠΙ.
1027 1322 1105 1384 Quod
1128 1323 1155 1371 ln
1175 1321 1236 1371 eod.
1258 1322 1309 1372 Gu.

167 1392 212 1458 qui
225 1391 299 1442 selue
312 1392 383 1439 hune
395 1390 483 1439 Iocum
497 1389 616 1448 exhibet,
630 1390 761 1455 seriptum
775 1395 817 1438 est
826 1390 912 1452 foetus
926 1394 954 1438 et
967 1385 1078 1447 uulnera,
1093 1396 1168 1439 recte
1183 1390 1307 1439 LIndem.

168 1460 334 1509 emendarit.
370 1458 412 1506 Ad
430 1472 511 1521 quam
529 1473 586 1505 rem
604 1457 674 1506 haee
693 1457 883 1522 pertinuerint,
904 1457 1015 1506 dubium
1033 1470 1086 1506 non
1106 1463 1156 1518 est,
1176 1473 1238 1506 cum
1256 1457 1308 1522 Ap-

167 1520 265 1592 pinnne
283 1527 309 1574 b.
330 1525 468 1574 uirtute
486 1541 512 1589 p.
526 1523 576 1574 382
593 1523 683 1577 Bekk.
703 1524 737 1572 de
757 1524 891 1575 machinis
911 1529 928 1574 a'
945 1529 1021 1573 terra
1038 1526 1067 1573 in
1086 1523 1181 1589 Cyzici
1200 1526 1310 1573 moenia

168 1595 286 1644 numetis
311 1593 379 1643 haee
404 1592 562 1641 tradiderit:
591 1584 657 1649 τούς
680 1583 734 1655 plu
757 1578 809 1640 οὖν
833 1583 931 1655 κριοὺς
955 1590 1051 1649 λίθοις
1074 1582 1269 1654 duraedurae
1291 1581 1311 1657 ἢ

168 1654 282 1728 βρόχοις
300 1652 428 1711 ἀνέκλων
446 1647 465 1724 ἢ
483 1661 605 1724 φορμοῑς
623 1650 708 1723 ἐρίων
726 1657 775 1724 τῆς
793 1657 859 1724 βίας
878 1650 1001 1720 ἐξέλυον.

254 1778 294 1839 22
319 1777 378 1862 [lie.
396 1786 438 1836 23.
461 1782 491 1836 G.
504 1775 561 1856 56].
607 1779 740 1856 Saxaque
762 1779 891 1854 ingentia
914 1784 942 1837 et
963 1777 1052 1838 orbes
1074 1796 1127 1838 ure
1149 1779 1241 1838 iuneti
1257 1795 1310 1856 per

169 1900 297 1961 pronum
319 1879 531 1947 incitabantur,
561 1878 723 1957 exitusque
754 1877 923 1939 eminebant
945 1881 975 1938 iu
997 1879 1118 1939 modum
1141 1881 1213 1940 erici
1235 1877 1309 1939 mili·

167 1986 238 2045 teris
261 1989 361 2043 veruta
382 1981 484 2041 binum
506 1979 625 2058 pedum.

253 2102 322 2150 Non.
342 2118 367 2165 p.
387 2099 449 2151 381:
474 2105 585 2148 uerutum
607 2105 644 2146 eet
668 2101 742 2146 tetum
764 2097 839 2165 breue
863 2105 888 2147 et
911 2105 1049 2161 aripertum.
1086 2097 1221 2147 Sallustius
1239 2099 1309 2147 Hier.

168 2170 210 2220 ut.
234 2170 285 2219 III.
321 2167 400 2228 Quod
423 2164 486 2215 libri
510 2171 641 2229 conrupte
666 2164 797 2214 exhibent
824 2165 914 2214 turbae
937 2181 1020 2215 rurae
1043 2167 1135 2222 temeti,
1166 2166 1311 2215 Turnebus

168 2238 281 2286 Advers.
301 2235 394 2285 VIII'I
414 2233 585 2292 emendavit,
604 2248 657 2281 nee
675 2233 764 2282 minue
783 2239 857 2281 reete
877 2232 1006 2282 librorum
1024 2233 1150 2282 mendum
1168 2233 1310 2299 aridusque

168 2304 293 2354 mittebant
317 2302 471 2351 Iamdudum
496 2304 653 2349 contectum
677 2304 727 2348 est.
764 2299 877 2349 Illtuma
896 2301 982 2349 verbn
1001 2301 1216 2350 conmemorerit
1233 2300 1310 2351 Serv.

170 2372 205 2420 ad
222 2373 305 2435 l‘erg.
326 2372 393 2419 Aen.
413 2369 451 2417 tx
469 2367 536 2416 505:
566 2367 678 2432 Namque
702 2370 726 2415 ia
751 2383 875 2417 urruorum
896 2369 1032 2430 peneribur
1054 2371 1145 2416 milites
1162 2375 1260 2417 errmuut
1279 2368 1310 2416 ub

169 2439 316 2488 unImolibue
334 2439 440 2491 nomine,
460 2443 485 2483 ut
505 2435 599 2483 ‘erieet
636 2436 786 2483 Sallustius:
804 2435 832 2483 in
850 2434 957 2484 mollum
975 2435 1046 2484 hirei
1066 2432 1167 2498 [ericii3
1189 2433 1216 2484 'tt
1240 2436 1311 2492 irIei,

170 2509 194 2556 It
212 2503 298 2570 hyre-i]
318 2503 453 2557 militaris,
474 2519 506 2551 ex
525 2516 611 2566 eoque
629 2497 696 2551 Isid.
716 2502 762 2551 Or.
782 2503 874 2552 XVIII
895 2501 964 2562 ree
982 2520 1007 2567 p.
1021 2501 1080 2551 eet.
1117 2503 1249 2563 Quemvis
1263 2518 1309 2552 au·

170 2580 226 2634 tem
245 2573 339 2623 tullum
357 2570 545 2620 machinarum
564 2570 657 2631 Cyzici
678 2569 711 2618 nd
730 2569 905 2618 defendenda
929 2571 1037 2619 moenia
1056 2584 1132 2618 usum
1151 2570 1238 2619 fuisse
1256 2585 1310 2618 non

170 2641 335 2706 prueetriete
354 2637 522 2702 negaverim,
541 2642 635 2685 tamen
654 2637 744 2686 futeor
763 2638 884 2700 aptiores
898 2653 946 2686 ens
961 2638 1046 2686 fuisse
1065 2637 1093 2685 in
1112 2637 1220 2702 oppido,
1240 2638 1311 2700 qued

169 2711 199 2758 in
217 2708 277 2756 loeo
297 2705 397 2755 udeliri
416 2705 496 2753 situm
516 2709 598 2753 esset.
635 2705 696 2764 Qua
715 2720 743 2753 re
762 2705 789 2752 in
808 2706 914 2753 Incerto
933 2705 1084 2768 relinquam
1103 2719 1194 2753 annon
1213 2704 1245 2753 de
1264 2704 1310 2753 ob·

170 2775 276 2826 aidione
288 2773 433 2838 Calaguris
444 2772 536 2836 oppidi
546 2772 617 2821 haee
627 2771 703 2820 dicte
712 2772 799 2821 fuisse
813 2772 915 2825 rectius
929 2772 1068 2822 censenda
1080 2770 1135 2820 sint
1148 2771 1213 2835 (vid.
1228 2771 1261 2820 fr.
1272 2772 1310 2835 u).

255 2908 317 2968 *23
342 2908 402 2989 [tir.
417 2916 459 2964 et.
480 2911 509 2964 u.
527 2903 584 2985 58],
629 2906 665 2965 Et
687 2924 777 2967 unere
797 2908 922 2967 turrium
945 2908 1064 2966 Incertis
1086 2905 1217 2996 nevihua

259 3028 333 3077 Serv.
355 3026 389 3075 ad
407 3027 489 3090 l'erg.
509 3026 542 3074 Λ.
559 3025 572 3073 1
590 3023 653 3073 576:
679 3026 813 3074 Contrarie
833 3026 970 3074 ‘incertos'
988 3042 1037 3089 pro
1055 3027 1140 3074 turdis
1162 3025 1311 3074 Sallustius:

172 3102 249 3144 et-
267 3094 392 3144 navibus.
430 3093 497 3142 Cum
519 3094 547 3141 in
571 3092 695 3141 omnihus
718 3092 840 3142 hletotiis
863 3093 953 3141 nullus
977 3093 1052 3141 luens
1076 3093 1241 3157 reperietur,
1265 3093 1311 3141 uhi

171 3170 259 3213 turres
277 3162 395 3211 naribus
414 3161 551 3225 inpositae
571 3160 683 3220 fuerint,
701 3160 753 3209 niei
768 3163 796 3208 in
809 3159 903 3223 Cyzici
916 3160 1066 3216 obsidione,
1086 3161 1151 3223 quin
1164 3159 1213 3209 illa
1226 3160 1312 3210 verbu

170 3232 199 3280 in
216 3231 264 3279 liu.
284 3231 325 3279 III
344 3229 447 3278 fuerint
464 3244 517 3278 non
535 3227 723 3277 dubitandum.

256 3349 292 3408 tt
320 3349 379 3428 [liu.
396 3356 437 3404 25.
457 3353 486 3404 G.
503 3344 562 3427 62].
605 3345 677 3406 Nem
701 3348 750 3424 qui
772 3364 861 3407 enare
883 3348 979 3407 eonati
1002 3347 1127 3415 luerent,
1151 3347 1198 3406 ieti
1223 3364 1327 3424 saepe.

74 3513 77 3516 ,
170 3451 341 3529 fragmentis
356 3451 471 3508 unritnn
486 3455 536 3508 nut
551 3447 658 3508 aduini
681 3447 759 3507 alvus
781 3448 926 3508 undarum
950 3449 976 3508 ri
998 3448 1125 3508 mulcato
1144 3447 1228 3506 foede
1245 3465 1309 3505 eer-

171 3572 243 3632 pore
265 3559 415 3633 pestremo
439 3551 576 3629 iuterIere
601 3556 708 3610 tumen.

255 3671 323 3719 Non.
344 3685 370 3734 p.
390 3669 452 3717 tte:
481 3668 571 3716 Temen
589 3670 716 3732 eipur'stcut
731 3670 840 3716 taudem.
864 3693 896 3702 -
920 3668 1054 3716 Sallustius
1072 3667 1173 3717 Hister.
1196 3666 1238 3715 tit.
1257 3666 1309 3714 Ill:

171 3754 234 3788 nnnr
254 3739 298 3802 qui
318 3751 400 3785 enare
420 3737 511 3784 eonati
530 3736 641 3784 fuerant
663 3736 712 3784 iuti
735 3751 819 3799 saepe
844 3735 987 3783 frumentis
1010 3736 1120 3783 nuvium
1145 3738 1192 3783 ant
1212 3733 1310 3782 afflicti

172 3807 246 3855 aeuis
265 3805 395 3853 undarum
410 3805 437 3851 ri
450 3802 569 3852 muleuto
582 3803 644 3852 fede
659 3818 780 3866 corpore,
800 3807 965 3867 postremum
983 3803 1103 3851 interent
1115 3808 1208 3850 tamen
1223 3804 1312 3858 [ireres

171 3890 220 3922 rus.
239 3873 312 3921 l'iet.
332 3875 442 3921 iutereut
459 3871 502 3919 rel
522 3873 631 3919 tuterunt
644 3872 675 3926 L,
694 3872 785 3919 iterert
799 3868 852 3933 wi·
884 3874 961 3918 Artis.
976 3887 1001 3933 p.
1021 3866 1086 3918 ete:
1107 3869 1232 3932 Adflietue
1244 3872 1310 3917 ittam

171 3956 231 3990 rem.
264 3941 318 3989 Sat.
337 3941 438 3988 Htrtor.
458 3939 512 3988 111:
533 3939 636 3987 udilieti
656 3937 750 3987 alveos
770 3940 849 3994 [utare
864 3938 933 3995 Gn]-
945 3937 1078 3985 undarum
1098 3940 1133 3994 [ut
1144 3941 1231 3998 uterq.
1249 3936 1309 3983 eud.

171 4005 234 4071 ouu]
260 4006 378 4056 muluate
404 4010 526 4064 [ruuteuto
546 4006 604 4054 eod.
624 4007 660 4053 rt.
685 4010 791 4054 mulcete
811 4008 878 4062 tlte]
903 4004 1062 4053 iuterIbent.
1089 4030 1120 4038 —-
1143 4004 1185 4051 Ile
1209 4018 1262 4066 que
1282 4018 1310 4051 re

172 4076 242 4124 hnee
261 4076 337 4123 dieta
356 4076 470 4134 t'uerInt,
490 4089 587 4136 nempe
607 4073 639 4121 de
660 4074 699 4122 eis
719 4073 809 4136 quiin
829 4072 946 4120 neribus
965 4071 1130 4120 Mithridatis
1150 4071 1184 4119 ad
1202 4071 1311 4118 moenia

172 4144 267 4205 Cyziei
285 4142 409 4190 ‹lisieetis
428 4142 538 4190 nunant
558 4139 635 4205 [App.
656 4141 681 4188 h.
702 4142 738 4189 tu.
758 4139 799 4188 74.
819 4139 891 4188 Plut.
910 4140 976 4188 Luc.
994 4137 1044 4197 tot,
1064 4139 1173 4195 dubium
1191 4143 1309 4186 nonest.

171 4210 298 4258 Mendum
323 4226 367 4272 ap.
392 4210 459 4257 Neu.
481 4210 615 4270 lbuuuurte's
637 4209 740 4256 rectius
758 4208 843 4255 hiere.
864 4206 1022 4255 emendavit
1039 4208 1203 4269 lbaqnuutie.
1229 4220 1310 4268 quam

173 4277 220 4326 alli
240 4278 405 4338 serrmueutin
428 4277 589 4324 scribentes.
632 4275 700 4324 (hun
729 4281 820 4323 autem
845 4275 876 4322 uh
898 4277 949 4321 nu'r
974 4275 1008 4321 nd
1032 4274 1197 4322 seutentiam
1221 4288 1310 4337 paone

171 4345 292 4410 ineptum
312 4344 355 4397 sit,
376 4358 463 4406 neque,
484 4343 558 4392 loeus
572 4344 606 4391 nh
620 4343 753 4391 hrusIunu
773 4343 875 4390 ndferri
894 4343 1021 4404 potuerit.
1040 4342 1093 4389 uisi
1109 4342 1135 4389 iu
1149 4357 1180 4388 eo
1193 4339 1312 4404 emiptue

173 4413 272 4461 tutaret
290 4412 468 4460 aecusativus
486 4417 591 4475 partem
611 4411 733 4475 eorporis
751 4410 921 4473 uigrritieane,
940 4413 1008 4458 atoue
1028 4409 1122 4474 utique
1141 4407 1311 4472 probandum
