2768 5010
175 361 217 432 92
522 386 825 436 consinursmouuu
841 391 911 437 osa.
928 395 971 438 iv.

174 542 243 614 Quid
265 544 363 619 igitur,
388 563 447 603 curn
468 545 583 622 legimus
602 551 723 607 tumultu
743 550 899 624 formidine
926 555 1012 624 attasi
1032 556 1165 612 uecordia
1185 564 1313 628 ceperat,

91 688 95 705 .
174 667 264 708 nonne
287 652 376 709 omnia
397 652 477 725 plana
497 654 577 709 sunt?
621 652 731 710 Servata
756 664 799 710 est
822 654 999 727 aequabilitas
1024 657 1221 721 membrorum,
1243 678 1312 734 quae

173 770 234 811 curn
257 755 311 812 duo
329 755 404 829 paria
426 755 638 829 praecesserint,
652 743 778 812 'tertium
806 774 914 831 quoque
938 766 967 813 nt
994 759 1101 816 <luobus
1127 770 1235 819 constet
1263 781 1313 837 po·

174 855 271 920 stulat;
298 866 326 914 et
348 875 510 932 quamquam
538 859 597 933 ipsa
621 858 737 915 formido
765 859 905 915 vecordiae
931 859 1028 917 similis
1047 879 1108 919 esse
1129 873 1222 937 potest
1244 865 1311 939 (lug.

172 963 215 1022 72.
236 966 266 1018 2:
285 961 440 1033 formidine
453 963 548 1034 ¹quasi
568 963 701 1018 uecordia
724 957 899 1036 recapitari),
924 970 1012 1018 tamen
1032 964 1095 1038 quid
1127 965 1231 1029 obstat,
1256 985 1312 1040 quo

172 1062 261 1121 minus
282 1064 523 1173 perdormid'wm
543 1064 666 1120 secordia
687 1064 816 1138 quaedam
838 1063 934 1121 animis
956 1065 1054 1122 iniecta
1073 1084 1132 1124 esse
1155 1068 1280 1126 dicatur?

257 1167 313 1240 ling.
338 1175 396 1229 100,
414 1172 439 1225 4.
458 1173 616 1236 praeterea
639 1169 710 1223 alios
727 1182 817 1240 super
839 1168 942 1223 uallum
963 1170 993 1223 in
1015 1171 1196 1227 munimentis
1214 1173 1312 1227 locare
1369 1176 1373 1184 '

171 1266 251 1324 verba
273 1271 302 1324 iu
325 1271 505 1325 mecuimeutis
526 1286 581 1325 non
603 1269 684 1325 modo
708 1269 844 1343 superflua
866 1277 909 1325 set
931 1269 1012 1326 etiam
1036 1288 1132 1344 pariam
1150 1273 1312 1329 conuenien-

172 1370 208 1427 tia
230 1389 289 1428 esse
309 1371 386 1429 facile
409 1371 587 1445 intellegitur.
631 1369 695 1428 Nam
719 1372 829 1429 tertium
849 1389 936 1444 genus
958 1371 1130 1429 excubiarum
1153 1392 1204 1449 per
1221 1390 1312 1447 suuper

171 1474 276 1529 uallum
303 1474 369 1530 satis
394 1473 427 1530 ab
449 1473 557 1531 relicuis
579 1473 685 1531 duobus
712 1474 868 1530 distinctum
889 1481 931 1529 est
951 1483 979 1530 et
1000 1475 1038 1531 ita
1060 1474 1140 1531 uerba
1167 1476 1311 1533 coniuncta

171 1582 248 1637 sunt,
281 1575 358 1649 quasi
391 1576 556 1632 munimenta
585 1576 655 1632 vallo
689 1576 807 1652 inposita
836 1576 945 1644 fuerint.
991 1577 1055 1632 Cum
1086 1585 1175 1634 autem
1207 1577 1235 1634 in
1268 1595 1311 1634 re·

170 1677 292 1735 acutiore
315 1677 395 1752 primi
418 1678 526 1752 generis
551 1678 651 1736 faenilia
672 1679 821 1753 multisque
840 1675 900 1734 aliis
921 1677 1060 1735 codicibus
1080 1680 1110 1735 iu
1129 1682 1310 1737 munimentis

170 1787 233 1836 ante
253 1793 343 1852 super
365 1784 468 1838 uallum
487 1780 659 1838 conlocatum
681 1781 725 1844 sit,
745 1797 835 1837 nonae
857 1797 887 1836 ea
911 1797 955 1836 res
977 1780 1043 1837 satis
1065 1781 1165 1855 arguit,
1187 1781 1254 1838 illud
1276 1783 1309 1839 ad

168 1896 259 1953 super
281 1883 394 1954 uallum,
418 1882 490 1957 quod
509 1882 671 1939 insolentius
695 1883 795 1941 dictum
817 1899 877 1939 esse
908 1882 1049 1939 videbatur
1068 1868 1133 1955 (cin
1156 1892 1245 1941 tamen
1265 1890 1307 1948 76.

169 1983 215 2058 3).
245 1984 279 2041 ab
301 1984 420 2042 librariis
444 1986 609 2061 adscriptum
631 1986 710 2041 esse?
735 2015 771 2025 -
794 1983 878 2040 Paulo
899 1994 998 2058 posta
1022 1983 1101 2057 volgo
1121 1985 1211 2041 editur
1232 1989 1310 2058 quaed

168 2090 250 2145 multi
265 2105 331 2160 per.
344 2090 522 2145 ambitionem
541 2089 610 2160 {ieri
630 2088 752 2150 aiebam,
772 2102 845 2158 pars
866 2089 944 2158 quad
963 2104 981 2141 a
993 2089 1120 2158 pueritia
1142 2096 1306 2144 cousuetam

167 2191 305 2247 duritiam
326 2193 441 2263 etatia,
464 2205 538 2263 quae
566 2192 657 2247 ceteri
681 2190 812 2244 miserias
841 2195 959 2256 aacaut,
987 2190 1127 2261 aotruptati
1153 2188 1307 2259 babuisset,

168 2310 237 2369 quae
259 2301 333 2350 recte
352 2292 422 2349 dicta
452 2310 512 2350 esse
545 2309 624 2348 nemo
654 2290 771 2364 negabit.
821 2292 855 2345 m
882 2290 980 2346 mirum
1008 2290 1133 2364 proiecto
1161 2298 1204 2347 est
1233 2292 1306 2366 quod

167 2395 274 2453 codices
302 2395 486 2451 vetustissumi
517 2395 572 2451 duo
600 2386 654 2449 ΙῬι
683 2393 816 2449 babuisse
838 2391 979 2452 enliibent.
1010 2392 1106 2448 deinde
1127 2393 1200 2467 qiiod
1221 2410 1306 2468 paene

168 2515 261 2554 ornnes
288 2497 368 2571 primi
396 2496 505 2570 generis
528 2511 604 2566 pars
632 2494 770 2551 omittunt.
813 2493 877 2549 Cum
907 2501 996 2550 autem
1024 2510 1105 2570 pars.
1126 2493 1203 2551 nullo
1225 2495 1306 2551 moitis

168 2600 256 2655 omitti
284 2598 386 2674 possit,
416 2616 505 2654 norrne
525 2597 581 2653 veri
603 2596 691 2653 simile
713 2603 781 2658 est,'
799 2595 825 2651 id
852 2595 1010 2653 vocabulum
1039 2613 1090 2671 per
1116 2595 1190 2653 aliud
1213 2614 1307 2671 super·

167 2700 297 2775 scriptum
318 2699 379 2757 loco
401 2717 451 2755 suo
471 2706 575 2755 motum
596 2700 674 2756 esse?
717 2697 749 2754 Et
772 2697 794 2753 si
817 2698 894 2770 quad
915 2698 1043 2755 eiciamus
1060 2705 1088 2755 et
1112 2698 1245 2755 babuisse
1264 2716 1306 2755 re·

166 2802 305 2877 cipiamus,
326 2818 415 2857 nonno
438 2801 527 2857 omnia
549 2808 621 2857 recte
644 2800 811 2875 procedunt?
852 2799 944 2874 Neque
967 2799 1036 2855 enim
1061 2799 1133 2873 qnod
1154 2799 1306 2857 subiectum

166 2902 289 2959 infinitivi
313 2903 446 2960 babuisse
468 2903 597 2960 omissum
620 2911 676 2966 est,
703 2920 764 2958 curn
791 2902 825 2958 dc
852 2919 906 2975 cluo
927 2901 1034 2958 dicatur
1058 2900 1170 2958 dubium
1193 2919 1248 2958 non
1269 2902 1307 2958 sit

163 2989 225 3079 (cn
242 3012 286 3067 83,
306 3003 338 3078 1).
363 3003 516 3062 obtensioni
536 3013 586 3068 est.
610 3022 698 3079 neque
721 3004 793 3078 quod
817 3020 885 3079 quae
909 3003 936 3059 in
958 3021 1053 3060 caussa
1076 3003 1160 3060 fuisse
1181 3002 1234 3060 dici
1257 3020 1306 3079 po·

165 3115 252 3171 tuere,
275 3107 308 3164 ab
330 3107 384 3165 iilis
408 3107 444 3163 ita
467 3115 561 3182 putata
584 3125 645 3164 esse
666 3107 737 3163 dicta
759 3116 832 3162 sunt.

250 3210 307 3283 lug.
333 3216 390 3272 tot.
414 3217 445 3269 10
462 3208 507 3264 ubi
525 3208 599 3265 Sulla
620 3210 653 3266 ad
667 3210 801 3266 bocchum
820 3208 885 3265 liaeo
907 3206 988 3264 dicit:
1012 3209 1101 3263 matta
1120 3213 1205 3279 atquc
1220 3225 1305 3279 opor·

164 3318 240 3369 tuua'
258 3312 354 3380 babes,
377 3329 432 3384 quo
453 3291 572 3383 facilius
593 3320 694 3368 errata
717 3310 823 3383 officiis
841 3325 970 3381 superes,
998 3308 1129 3384 particula
1151 3307 1305 3385 copulativa

165 3419 251 3486 atque
271 3430 432 3488 quamquam
454 3412 555 3470 codicis
579 3411 608 3474 23
636 3413 797 3470 auctoritate
820 3411 921 3468 munita
941 3419 998 3473 est,
1028 3419 1116 3467 tamen
1138 3410 1302 3467 relicuomun

165 3524 339 3591 optumarum
361 3514 493 3572 librorum
521 3514 686 3571 testimoniis
711 3521 838 3588 suspecta
860 3512 898 3569 fit.
945 3513 984 3569 Ad
1006 3513 1167 3569 seutentiam
1188 3529 1242 3569 non
1266 3512 1303 3568 ita

164 3617 253 3691 triagni
279 3617 425 3679 interesse,
454 3625 545 3673 utrum
573 3617 694 3674 bocchus
723 3615 828 3673 (linatur
850 3613 948 3672 multas
971 3613 1173 3689 oportunitates
1193 3612 1302 3675 babere.

163 3735 196 3774 an
219 3717 318 3775 multas
340 3737 384 3775 res
406 3736 506 3792 easque
528 3725 680 3791 oportunus
701 3717 809 3779 babere,
832 3717 1014 3773 inauuiestum
1036 3725 1086 3772 est.
1130 3714 1184 3772 Nec
1204 3716 1304 3771 desunt

161 3818 216 3877 loci
249 3820 275 3876 in
310 3819 408 3894 quibus
441 3819 607 3894 grammatici
636 3828 795 3876 consuetum
830 3836 916 3891 genus
944 3817 1050 3875 dicendi
1081 3817 1226 3874 restituere
1257 3835 1303 3874 co·

162 3921 219 3977 nati
240 3921 304 3978 sint.

247 4022 303 4096 lug.
331 4029 419 4085 tobi
441 4022 521 4079 rerba
543 4025 571 4079 iu
594 4024 695 4078 itincre
715 4021 815 4078 nullam
837 4020 916 4077 aliam
939 4020 974 4076 ob
996 4038 1117 4078 caussam
1140 4019 1303 4078 secludenda

162 4123 309 4180 arbitratus
336 4142 410 4186 sum.
438 4142 518 4198 quam
549 4125 621 4198 qiuni
653 4124 679 4178 in
701 4123 794 4179 inultis
816 4122 894 4179 libris
914 4122 968 4179 alio
992 4121 1053 4180 ioco
1075 4123 1217 4180 conlocata
1238 4131 1304 4180 sunt

161 4242 193 4281 ac
214 4225 292 4282 facile
315 4227 354 4282 eis
376 4226 463 4281 careri
485 4233 584 4300 potest.

246 4327 345 4383 Noram
368 4326 553 4383 recensionem
572 4326 681 4383 erbilnri
704 4325 830 4401 principii
853 4344 911 4399 cap.
935 4333 1001 4390 104,
1022 4326 1184 4383 auctoritate
1206 4344 1302 4400 corum

161 4426 309 4492 librorum,
333 4428 379 4507 qui
405 4428 479 4487 inter
501 4428 668 4487 rcceritiores
692 4427 796 4507 optumi
818 4437 891 4485 sunt.
934 4428 1054 4487 Primum
1082 4446 1142 4487 cum
1170 4436 1228 4486 ruta
1255 4429 1304 4489 ubi
