2768 5010
381 344 606 442 msronrinvn
629 400 692 440 arn.
716 385 897 455 11139-42.
1169 376 1210 442 73

70 566 124 602 non
143 567 195 616 qno
215 567 249 601 ea
267 567 355 601 rerum
375 557 513 614 gestarum
538 551 706 602 enarrationi
730 550 856 599 subiecta
880 548 965 599 fuisse
990 548 1143 611 crederem,
1168 555 1212 600 sot

70 621 135 685 quia
154 620 219 668 mihi
238 622 296 668 veri
316 620 406 669 simile
424 620 579 678 videbatur,
598 619 712 683 primum
731 617 891 667 Sallustium
911 617 1005 667 codem
1026 619 1104 668 modo
1122 618 1150 666 in
1168 617 1211 667 bis

70 689 152 737 rebus
170 693 310 737 versatum
330 703 399 748 esso,
421 694 502 750 atque
521 688 579 750 lug.
601 704 624 735 c.
646 685 726 734 17-
746 701 811 749 ego
831 676 993 734 ἐπεισόδιον
1011 683 1060 734 illa
1079 685 1165 736 fuisse
1180 713 1212 722 -

71 761 127 805 tum
147 770 208 803 eum
228 772 270 803 res
288 771 343 803 non
362 756 389 803 in
408 755 518 820 singula
537 755 614 818 quasi
633 752 751 803 frustula
769 752 963 817 discerpsisse,
988 757 1031 802 set
1049 754 1212 804 continuata

71 825 99 874 in
118 830 295 888 conspectum
314 823 431 872 dedisse.
483 872 486 879 Δ

114 915 122 928 ’
154 941 223 1003 *ae
248 941 307 1021 [a.
325 939 367 999 aa.
397 946 427 1000 a.
443 941 501 1021 aaa.
544 941 625 1001 sea.
650 941 685 1000 aa
707 939 792 1016 serg.
817 942 848 1000 a.
869 938 895 998 n
919 937 997 999 aaa:
1023 941 1211 1012 aoranae,
1284 996 1288 1003 .

75 1044 189 1115 Troiae,
214 1051 268 1103 out
288 1061 308 1101 a
331 1044 487 1120 Dardano,
508 1044 587 1104 Iocis
607 1050 636 1102 et
649 1043 787 1102 Electrae
802 1044 873 1114 filio,
894 1075 937 1086 -
955 1048 1008 1101 cut
1029 1037 1138 1124 (certe)
1160 1060 1211 1102 se-

70 1147 201 1226 cundam
223 1145 396 1205 Sallustium
418 1164 437 1205 o
458 1163 529 1218 repe
549 1144 763 1203 Dardanorum
785 1145 885 1215 Mida,
907 1146 960 1218 qui
980 1144 1143 1219 Plzrpoium
1166 1151 1212 1204 te-

71 1250 144 1319 nuit,
168 1264 227 1306 non
243 1248 304 1324 ipsa
320 1248 472 1325 scriptoris
491 1246 580 1306 verba
599 1246 712 1305 relerrc
729 1246 757 1304 iu
778 1243 933 1322 propatulo
949 1252 1002 1312 est,
1023 1250 1068 1305 set
1088 1262 1126 1304 ne
1141 1244 1211 1306 illud

72 1348 190 1426 quidem
211 1349 280 1407 satis
302 1354 452 1424 apertum,
480 1355 579 1406 utrmu
608 1346 761 1407 Sallustius
783 1346 820 1406 ab
843 1345 918 1406 llida
943 1345 1119 1406 Dardaniam
1143 1364 1213 1405 con·

72 1449 177 1517 dium,
201 1454 370 1508 autentum
395 1450 490 1525 gentis
511 1466 581 1508 suae
599 1466 707 1508 nonren
736 1449 762 1507 ci
786 1448 909 1508 inditum
931 1447 1020 1508 luisse
1041 1449 1212 1508 narraverit.

73 1550 209 1610 Ceterum
233 1568 299 1610 cum
322 1549 450 1610 Kritzius
481 1550 665 1609 contenderit
691 1550 764 1609 haec
788 1549 864 1609 dicta
889 1550 995 1616 luisse,
1027 1548 1078 1608 uhi
1101 1549 1213 1611 Luculli

72 1653 101 1710 in
123 1651 270 1711 Troadem
288 1652 431 1728 proiectis
455 1651 538 1728 (Plut.
557 1651 627 1711 Luc.
654 1650 700 1730 tt)
719 1657 836 1711 narrata
860 1657 944 1719 essct,
967 1668 1025 1709 non
1048 1651 1214 1729 praefracte

72 1751 143 1813 illud
166 1752 289 1830 negabo.
335 1752 519 1830 Quamquam
548 1753 616 1831 quid
647 1752 758 1821 obstat,
788 1771 847 1831 quo
868 1753 964 1812 minus
992 1751 1148 1828 regionum
1176 1751 1213 1813 ad

72 1851 292 1931 Hellespontum
316 1861 345 1914 et
370 1855 398 1914 iu
422 1856 524 1914 vicinia
550 1855 672 1914 sitarum
689 1854 918 1931 descriptionem
942 1871 1009 1913 cunr
1031 1851 1116 1913 Ponti
1142 1868 1213 1913 oon·

73 1955 200 2015 iunctam
223 1957 310 2015 fuisse
329 1962 490 2015 statuamus
510 1954 574 2032 (sid.
595 1955 661 2014 inlr.
686 1954 756 2031 altpt

158 2090 224 2150 *40
248 2089 307 2171 [llr.
324 2097 366 2148 3¹2.
396 2095 425 2148 G.
442 2090 499 2169 36].
542 2090 673 2150 Primum
697 2089 880 2149 Graecorum
899 2087 1050 2149 landem.

158 2208 234 2258 Serv.
255 2208 290 2258 ad
308 2209 391 2273 l'erg.
410 2210 442 2258 Α.
461 2208 553 2258 1190:
576 2208 645 2257 Saue
665 2209 808 2274 praeteritur,
827 2223 873 2257 eur
891 2208 1034 2256 Diomedem
1050 2207 1214 2267 fortissimam

72 2278 179 2328 eriserit.
198 2293 251 2325 eum
265 2284 326 2341 post
344 2278 466 2327 Achillem
484 2284 509 2325 et
527 2277 632 2326 Aiacem
649 2279 704 2340 ipse
721 2279 755 2325 sit
773 2278 879 2331 tertiam
901 2277 968 2324 sade
989 2281 1063 2324 ettam
1080 2274 1214 2326 salemum

73 2350 108 2392 nit
133 2345 248 2409 primum
273 2345 441 2395 Graecorum
465 2343 609 2393 Achillem.
651 2344 805 2408 Aptiorenr‚
838 2357 889 2406 quo
910 2341 982 2391 baec
1004 2343 1081 2391 dicta
1104 2342 1212 2400 fuerint,

72 2411 161 2460 locum
180 2427 233 2461 uon
251 2413 346 2472 venio,
367 2427 448 2476 <ruam
465 2413 493 2460 in
507 2427 559 2476 quo
573 2411 745 2461 conlocanda
758 2411 867 2460 consuit
879 2410 1016 2470 Kritzius,
1035 2410 1083 2460 ubi
1100 2410 1212 2459 deDar-

73 2478 157 2529 dania
176 2480 220 2528 vol
239 2480 347 2530 Troade
367 2481 517 2545 expositum
537 2484 605 2529 crat.

158 2580 246 2640 Quem
270 2581 392 2630 ordinem
415 2580 561 2629 Sallustius
584 2581 613 2628 in
637 2578 826 2629 describendis
845 2579 968 2629 Ponticis
991 2578 1150 2644 regionibus
1172 2595 1214 2628 ae-

75 2653 153 2696 cutus
173 2649 269 2705 luerit,
294 2649 417 2697 divinare
436 2648 509 2696 velle
529 2662 692 2711 quamquam
717 2647 830 2696 arduum
854 2662 887 2696 ac
906 2645 1021 2696 difficile
1041 2651 1096 2706 cst,
1122 2651 1215 2696 tamen

74 2716 126 2764 duo
151 2717 326 2779 potissumum
345 2716 411 2764 milri
435 2716 561 2764 videntur
579 2715 700 2764 tenenda
719 2730 792 2772 esse,
818 2715 933 2779 primum
956 2714 980 2764 si
1003 2715 1064 2778 quis
1086 2714 1215 2779 regiones

73 2783 213 2831 ‹lescribat
237 2784 271 2832 ad
296 2785 411 2832 eundem
435 2784 523 2832 locum
547 2784 615 2831 sitas
644 2798 730 2847 eoque
754 2783 808 2831 situ
838 2782 916 2845 quasi
947 2783 1075 2832 conmuni
1099 2782 1215 2846 quisdam

74 2850 184 2899 vinculo
209 2857 366 2908 contentas,
395 2851 528 2900 rationem
552 2850 706 2914 postulare,
731 2858 760 2898 nt
780 2850 853 2914 prius
873 2850 945 2910 eius,
972 2848 1006 2898 ad
1030 2850 1099 2913 quod
1125 2850 1216 2900 omnia

75 2924 169 2966 cetera
189 2918 331 2972 adiacent,
358 2918 476 2968 ambitus
495 2935 529 2966 ac
548 2919 635 2966 forma
655 2916 812 2973 deliniatur,
838 2932 890 2980 quo
914 2916 1077 2966 relicuorum
1101 2918 1169 2967 situs
1188 2921 1217 2966 ct

76 2984 225 3048 amplitudo
251 2986 360 3035 lucilius
385 2991 586 3050 cognoscantur
610 3000 644 3034 nc
666 2984 883 3049 perspiciantur,
907 2985 987 3048 idque
1012 3001 1045 3035 co
1063 2986 1151 3050 magis
1169 2985 1215 3035 ob·

75 3068 185 3101 servare
205 3053 333 3102 debuisse
353 3053 524 3112 Sallustium,
546 3069 606 3102 oum
625 3052 694 3102 adeo
715 3067 762 3100 eas
778 3052 882 3116 gentis,
903 3053 1021 3117 quaein
1039 3052 1169 3101 orientali
1182 3069 1217 3102 ac

75 3121 285 3183 septentrionali
305 3122 395 3170 littore
415 3122 496 3169 Ponti
514 3120 683 3174 habitarent,
704 3125 955 3169 conmemorsturns
974 3125 1062 3180 essot;
1081 3125 1138 3168 tum
1156 3119 1215 3168 nul·

75 3186 129 3235 lum
148 3189 281 3251 aptiorem
294 3188 382 3237 locum
397 3189 491 3241 fuisso.
511 3188 556 3236 ubi
570 3179 731 3237 ἐπεισόδιον
743 3187 795 3236 hoc
808 3186 925 3246 inderet,
939 3202 1019 3250 qrram
1033 3203 1093 3236 cum
1107 3188 1213 3236 lllitlrri·

75 3254 165 3302 rlatem
184 3261 246 3318 post
264 3256 370 3304 cladem
390 3256 424 3303 ad
443 3256 553 3305 Parium
568 3261 710 3319 acceptam
725 3256 769 3318 (fr.
788 3253 831 3315 tt)
851 3254 951 3318 exigua
964 3255 1093 3303 navicula
1105 3255 1133 3302 in
1147 3255 1215 3304 Pon-

74 3327 130 3370 tum
150 3323 291 3386 aut'ugisse
311 3330 454 3372 narrasset
473 3323 542 3384 trid,
556 3323 592 3372 ad
604 3323 638 3371 ir.
651 3322 684 3371 33
694 3327 715 3379 l,
737 3339 771 3370 ea
790 3328 882 3371 autem
895 3321 1040 3374 occasione
1056 3321 1216 3370 Sallustium

75 3404 152 3438 usum
170 3391 233 3439 inde
251 3391 310 3439 scri
329 3391 418 3439 simile
438 3406 507 3447 esse,
528 3390 597 3454 ‹prml
611 3390 754 3454 angustias
767 3389 883 3453 Bospori
901 3389 936 3438 ab
953 3405 985 3437 eo
998 3388 1157 3453 diligentius
1170 3389 1215 3436 do-

75 3457 194 3521 scriptas
214 3475 273 3506 esse
295 3459 451 3523 fragrucnta
470 3458 630 3517 ostendunt,
651 3463 678 3506 et
703 3457 737 3506 ab
758 3473 789 3506 co
809 3457 869 3506 loeo
893 3456 921 3504 in
940 3458 1012 3505 omni
1031 3455 1216 3520 descriptione

75 3540 164 3573 orsum
184 3541 244 3573 esse
265 3526 380 3589 adparet
399 3542 431 3574 ex
451 3526 483 3574 fr.
502 3526 544 3574 lli.

160 3644 221 3701 *tl
249 3643 367 3723 [dixit.
397 3648 426 3701 G.
446 3643 503 3723 40].
549 3644 611 3715 Qua
641 3649 811 3722 tenpestate
841 3660 877 3702 cr
908 3640 1001 3701 l'onto
1029 3643 1070 3701 vis
1092 3643 1216 3721 piscium

75 3746 209 3821 erumpit.

160 3862 235 3910 Serv.
257 3863 291 3912 ad
310 3864 391 3927 l'erg.
411 3864 442 3912 A.
463 3865 499 3912 lv
516 3862 577 3914 132¹:
598 3865 659 3912 Plus
677 3869 715 3911 ast
734 3861 806 3924 (sisi,
826 3879 897 3926 parum
915 3863 1054 3912 radicaret
1071 3864 1216 3912 multitudo:

75 3930 139 3977 riade
158 3930 307 3978 Sullrrstius:
331 3947 384 3993 qua
404 3958 434 3966 -
454 3933 578 3995 erumpit.
623 3931 726 3979 liudem
750 3929 837 3978 minus
860 3933 936 3979 recte
960 3930 1045 3979 refert
1070 3929 1160 3980 Sobel.
1182 3931 1216 3979 ad

74 3997 131 4044 Ius.
153 4000 209 4046 Sat.
230 3999 253 4058 l,
269 3999 313 4046 42:
334 3999 419 4063 imque
431 4006 580 4062 terrrpestute
590 3999 695 4063 piscium
708 4001 744 4047 cis
755 4002 833 4061 porto
846 3997 938 4060 erupit,
956 3996 1003 4048 ubi
1018 4013 1088 4062 (puae
1101 3998 1215 4047 Schurz·

75 4063 214 4112 fleiselrius
234 4067 360 4124 coniecit,
377 4070 499 4131 finitaque
518 4073 666 4129 tarrepestute
685 4072 713 4115 ct
730 4080 820 4129 risupaa
837 4067 887 4122 eis,
909 4064 1065 4129 probabilia
1082 4081 1136 4115 uon
1154 4082 1215 4114 esse

75 4133 248 4195 perspicuum
263 4138 311 4181 est.

161 4248 225 4309 *tt
242 4249 351 4329 [lires.
372 4251 466 4330 tadi]
490 4251 813 4320 Crebritatellurtuum,
827 4250 1217 4330 rataquilorrc******solet.

160 4354 235 4399 Serv.
257 4352 291 4400 nd
311 4354 393 4413 Vere.
414 4354 444 4401 Α.
465 4353 478 4401 1
499 4351 559 4401 llll:
584 4352 689 4401 crebros
707 4355 771 4401 enim
788 4353 878 4414 flectas
893 4354 959 4415 sarit
977 4356 1074 4419 aquile,
1094 4359 1120 4401 ut
1136 4354 1219 4403 Salla-

74 4420 153 4467 stiur:
172 4420 323 4469 orclnirate
343 4421 471 4470 flmtuum
488 4428 518 4471 ut
538 4419 663 4497 aquilone
677 4419 748 4470 solet
767 4421 825 4480 [LR
837 4421 900 4471 Vos.
919 4422 1125 4488 apudoactoaet.
1144 4418 1217 4472 Dan.
