2768 5010
163 361 221 428 me
505 383 808 450 eouunnrsrronou
833 385 903 430 eur.
927 385 958 431 r.

158 541 266 602 obiecta
288 547 315 598 et
332 549 566 614 expurgaturum
588 544 763 601 adseverans
782 544 809 601 si
823 545 950 602 notitiem
970 545 1121 602 eriminum
1141 550 1168 601 et
1189 546 1301 618 copiam

159 647 288 703 diluemi
307 645 461 703 habuisset.
505 647 598 721 Neque
620 646 700 704 aliter
721 640 884 722 dictumest
903 666 945 723 ap.
970 647 1037 704 Geli.
1060 648 1090 705 N.
1112 651 1141 702 Α.
1165 648 1199 704 Vi
1220 657 1245 712 3,
1269 659 1300 712 5;

157 748 242 821 fidem
260 750 464 821 consiliumque
481 750 626 821 publicum
646 758 856 823 expurgarent,
879 759 907 808 et
924 769 966 827 ap.
987 751 1076 825 ipsum
1095 750 1158 806 Sall.
1179 751 1235 825 lug.
1257 759 1299 814 69,

159 857 189 914 4;
212 851 358 924 Turpilius
375 880 419 892 --
439 855 535 909 iussus
556 871 574 908 a
589 851 702 911 Metello
721 867 854 910 caussam
875 855 981 922 dicere,
995 858 1146 925 postquam
1167 869 1229 909 sese
1246 872 1300 925 po·

75 972 77 977 ·
159 971 223 1010 rum
244 961 405 1029 expurget,
435 956 699 1012 condemnatus-
725 971 837 1028 poenas
857 957 947 1013 soluit.
992 955 1110 1029 Adparet
1139 973 1207 1030 ergo
1230 955 1301 1011 Cati·

158 1055 239 1114 tinam
262 1057 289 1114 in
310 1066 433 1115 senatum
458 1058 577 1120 venisse.
599 1065 631 1114 ut
650 1059 673 1114 si
696 1059 798 1116 crimen
820 1088 857 1100 -
879 1053 1058 1133 quoniam'in
1083 1066 1179 1115 senatu
1202 1058 1301 1131 ageba·

159 1166 213 1222 tur,
236 1160 356 1234 iurgium
379 1160 404 1215 id
427 1160 568 1217 dicendum
593 1191 629 1201 -
654 1161 681 1216 in
705 1179 733 1218 se
753 1161 905 1217 coniectum
926 1160 1007 1224 ieret,
1030 1159 1056 1215 id
1075 1159 1201 1217 dilueret.
1245 1160 1301 1216 iarn

159 1263 301 1336 quaeritur
321 1262 431 1319 numid
454 1262 524 1318 idem
545 1263 581 1318 sit
601 1270 683 1338 atque
703 1264 906 1320 dissimulare?
947 1262 1042 1318 Nonne
1070 1268 1160 1318 autem
1183 1261 1231 1336 qui
1250 1261 1300 1318 ali·

159 1363 223 1436 quid
244 1363 411 1427 dissimulat,
436 1364 480 1420 iric
501 1381 530 1420 sc
551 1364 578 1420 id
601 1364 697 1421 iecisse
719 1372 767 1422 aut
794 1365 865 1422 scire
888 1370 982 1438 negat,
1011 1370 1042 1419 ut
1062 1362 1218 1421 Volturcius
1241 1364 1299 1420 Cat.

157 1469 205 1530 m.
231 1475 243 1525 l
266 1469 301 1523 de
316 1468 512 1523 coniuratione
534 1467 714 1524 dissimulat?
755 1469 797 1523 An
820 1467 904 1540 igitur
930 1467 954 1522 is
977 1467 1024 1540 qui
1051 1463 1218 1529 dissimulat,
1246 1466 1300 1523 cri-

157 1568 228 1624 mina
261 1567 360 1624 diluit?
396 1568 470 1625 Unde
499 1576 622 1643 apertum
651 1577 695 1626 est
721 1569 787 1626 haee
808 1586 858 1644 per
884 1575 912 1625 et
932 1567 1063 1642 coniungi
1090 1584 1145 1624 non
1164 1567 1299 1643 potuisse,

157 1668 298 1744 multoque
320 1670 409 1726 mirms
433 1688 484 1745 per
505 1677 532 1727 et
554 1679 600 1733 ut,
627 1668 655 1726 in
683 1671 781 1746 quibus
804 1679 835 1727 ut
861 1670 926 1745 quid
948 1669 1083 1743 significet
1105 1687 1220 1745 prorsus
1243 1648 1299 1726 nou

157 1770 298 1846 intellego.
346 1772 425 1828 Venit
453 1790 520 1847 ergo
549 1771 663 1829 Catilina
686 1773 713 1829 in
735 1781 874 1836 senatum,
903 1780 934 1829 ut
963 1771 1076 1829 consilia
1105 1771 1298 1835 dissimularet,

156 1871 174 1927 i.
203 1891 226 1930 e.
259 1881 372 1947 negaret
399 1891 428 1932 se
456 1875 601 1951 quidquam
628 1874 726 1932 consili
746 1876 876 1933 advorsus
905 1872 1099 1948 rempublicam
1127 1874 1220 1930 iniisse
1249 1892 1300 1930 nee

157 1974 302 2049 quidquam
325 1976 359 2033 de
378 1993 409 2032 ea
431 1977 557 2040 rescire,
580 1977 636 2032 sive
658 1978 684 2034 id
704 1977 794 2033 verbis
813 1976 999 2034 declaraturus
1022 1983 1081 2034 erat
1102 1976 1157 2032 sive
1180 1976 1298 2051 speciem

155 2084 357 2149 praetenturas,
384 2078 408 2133 si
432 2085 520 2135 tamen
543 2079 632 2152 iurgio
654 2079 797 2136 lacessitus
819 2079 900 2143 ieret,
921 2079 943 2135 si
962 2078 1091 2152 quaedam
1106 2076 1160 2135 sibi
1182 2077 1297 2141 obieeta,

157 2178 256 2251 quibus
280 2187 451 2253 argueretur,
478 2197 509 2236 ca
537 2180 650 2238 diluere.
693 2180 775 2237 Recte
800 2198 868 2254 crgo
895 2188 947 2237 aut
967 2179 1056 2236 locum
1084 2178 1204 2235 baberet.
1250 2179 1298 2235 Set

155 2279 253 2346 mirum
276 2290 326 2344 est,
350 2283 423 2357 quod
446 2281 472 2339 in
494 2282 514 2338 P
537 2289 568 2339 ut
590 2283 788 2357 scriptumest,
810 2299 860 2338 uec
882 2281 959 2338 facile
976 2281 1146 2355 intellegitur
1167 2298 1221 2355 quo
1238 2288 1297 2336 tan·

154 2380 214 2437 dem
231 2384 311 2439 nitido
327 2402 359 2440 ex
374 2391 424 2441 eut
439 2384 497 2441 sieri
516 2384 646 2458 potuerit,
671 2385 744 2459 quod
759 2384 786 2440 in
801 2384 954 2441 recentiore
969 2383 1050 2457 primi
1066 2383 1175 2456 generis
1195 2382 1295 2439 tonsilia

155 2491 293 2540 exaratum
315 2492 365 2541 est.
411 2483 520 2541 Scilicet
537 2485 564 2542 in
587 2487 735 2560 archetypo
759 2486 813 2542 luit
835 2487 892 2549 vel,
913 2485 986 2559 quod
1008 2483 1034 2539 h.
1056 2484 1075 2538 l.
1094 2485 1157 2558 quia
1178 2449 1295 2541 ulfiam

155 2585 229 2658 quod
249 2584 308 2641 fieri
329 2586 453 2660 potuerit
475 2587 647 2660 adiungitur,
676 2587 855 2663 aptissummn
877 2595 928 2644 est.
973 2584 1049 2655 Quod
1071 2604 1133 2643 cum
1155 2585 1182 2642 in
1201 2585 1295 2642 arebe-

154 2692 220 2760 typo
244 2686 418 2744 obscuratum
440 2695 471 2745 ut
493 2687 592 2746 lectum
613 2696 694 2753 esset,
716 2687 761 2745 alii
783 2695 834 2746 aut
860 2689 1042 2763 scripserunt,
1066 2687 1112 2743 alii
1133 2693 1161 2744 et
1181 2687 1295 2744 coniun-

153 2765 272 2843 ctionem
300 2788 465 2845 adiecerunt.
501 2820 538 2830 -
570 2790 655 2847 Paulo
681 2799 745 2867 post
771 2797 786 2852 7
811 2791 964 2863 postulare
992 2807 1010 2845 o
1039 2789 1175 2862 patribus
1202 2789 1294 2862 coepit

153 2906 242 2945 veram
263 2891 426 2964 scripturam
449 2907 510 2947 esse
527 2892 703 2950 confirmatur
729 2911 779 2968 per
799 2891 1008 2949 vetustissumos
1030 2890 1150 2953 codices.
1175 2890 1221 2965 qui
1238 2908 1293 2961 po·

151 2992 262 3047 stratore
280 2993 416 3063 patribus
434 2975 541 3067 eoepit
555 2992 695 3058 exiribeut,
719 3002 751 3051 ut
774 3012 806 3053 ea
831 2995 968 3069 scriptura
989 2993 1085 3068 utique
1114 2991 1293 3067 praeierunda

153 3093 191 3148 sit
219 3092 326 3149 Gruteri
356 3096 528 3153 coniecturae
550 3099 702 3169 postulare
732 3103 834 3169 patres
864 3096 1023 3167 conscripti
1053 3109 1088 3150 me
1110 3095 1195 3167 quid,
1225 3106 1293 3168 quae

153 3211 232 3270 qnam
252 3213 347 3270 parum
365 3206 427 3272 apta
449 3207 522 3255 esset
543 3197 738 3257 demonstravit
759 3196 906 3271 Sellingius
928 3213 978 3252 em.
999 3214 1026 3271 p.
1046 3202 1089 3256 ut.

238 3349 294 3405 Cat.
316 3357 358 3412 33,
382 3359 397 3409 5
420 3368 582 3425 quamquam
604 3351 708 3426 optumi
728 3349 791 3406 libri
812 3366 905 3406 omnes
928 3351 1030 3406 omittit
1053 3354 1165 3404 tuentur
1185 3356 1221 3409 et,
1246 3347 1292 3421 qui
1311 3416 1316 3426 μ’

152 3452 247 3508 omisit
267 3452 395 3509 exhibent
417 3453 584 3510 recentiores
613 3471 701 3527 neque
725 3451 806 3508 ullius
832 3451 894 3508 fidei
917 3459 996 3513 srmt,
1028 3459 1117 3507 tamen
1145 3468 1208 3507 cum
1237 3449 1295 3506 Sei-

152 3553 239 3628 lingio
259 3572 310 3611 em.
334 3573 360 3629 p.
384 3561 418 3612 ‘22
441 3555 595 3630 perfeetum
613 3555 646 3610 de
675 3554 832 3611 coniectura
861 3552 987 3616 restitui,
1016 3553 1116 3626 qnippe
1142 3568 1203 3608 eum
1232 3567 1294 3607 sen·

153 3656 253 3712 tentiae
278 3657 364 3713 rumor
380 3657 420 3712 vis
443 3663 524 3718 esset,
546 3673 608 3712 cum
629 3673 680 3712 usu
704 3656 730 3711 id
750 3661 914 3730 conpertum
932 3671 993 3710 esse
1015 3652 1224 3727 significaretur,
1247 3669 1294 3707 ne·

152 3775 204 3831 que
231 3757 264 3813 ab
291 3757 347 3813 veri
376 3758 466 3833 specie
496 3757 672 3820 abhorreret,
704 3756 831 3813 librarios
861 3774 939 3812 usum
967 3754 1043 3812 illum
1069 3753 1110 3811 vel
1136 3755 1294 3827 ignorantes

151 3858 191 3914 vel
215 3859 267 3916 boe
294 3859 355 3916 loeo
383 3859 416 3915 ab
440 3858 576 3915 sententia
602 3856 719 3916 aliennrn
739 3858 887 3915 iudicantes
918 3874 1047 3932 praesens
1070 3873 1120 3913 suo
1143 3865 1230 3912 marte
1251 3872 1293 3911 re-

150 3960 281 4018 stituisse.

235 4115 290 4170 Cat.
314 4122 356 4176 35.
374 4121 391 4174 3
413 4114 540 4187 quoniam
556 4113 661 4187 optumi
683 4111 755 4175 libri,
778 4127 940 4185 quamquam
957 4111 1026 4182 quim
1042 4108 1178 4172 exhibent,
1203 4116 1294 4166 tamen

150 4219 213 4269 ante
230 4224 344 4286 possem
366 4215 538 4287 negationem
560 4231 617 4271 riou
640 4214 773 4275 retinent,
796 4213 864 4285 quio
886 4221 1048 4268 autemnon
1070 4229 1187 4286 prorsus
1210 4209 1295 4267 libro·

150 4331 211 4371 rum
235 4315 397 4371 testimoniis
416 4324 499 4377 caret,
522 4317 591 4387 quia
609 4344 645 4356 -
663 4332 720 4370 mom
732 4329 844 4386 possem
864 4313 1005 4389 archetypi
1022 4313 1188 4387 scripturam
1209 4312 1294 4369 tuisse

148 4431 310 4490 persuasum
333 4416 428 4474 babeo.
473 4418 563 4490 Atque
584 4414 710 4492 proiecto
738 4415 806 4473 adeo
833 4415 935 4473 maiore
957 4413 1091 4490 gravitate
1109 4412 1224 4471 Catilina
1257 4413 1295 4469 ita
