2768 5010
121 349 163 413 26
445 370 765 418 conuenaxaronnu
788 374 863 418 ear.
887 377 923 419 11.

121 543 190 601 qnae
219 527 290 583 lorte
316 533 471 590 mutentur,
499 526 539 583 eis
566 526 634 584 loeis
661 527 763 604 obponi
797 548 866 604 qnae
895 547 1002 606 semper
1038 531 1160 606 paraealta
1197 532 1261 588 sint.

120 614 204 696 Quam
229 637 319 686 autem
343 628 408 686 olim
424 629 482 703 ipse
504 629 551 686 inii
568 630 752 704 expediendae
766 631 935 689 difficultatis
952 632 1096 696 rationem,
1110 651 1172 691 eum
1189 635 1264 691 atius

121 730 202 787 semol
225 731 291 806 poni
312 738 341 787 et
361 732 394 788 ad
417 732 581 806 praecedens
603 733 753 790 membrum
774 734 862 791 audiri
885 733 953 797 dixi,
984 751 1043 791 eam
1058 751 1132 792 nnnc
1154 735 1263 811 quidem

120 831 299 890 abiieinndam
320 850 431 897 censeo,
458 834 559 911 quippe
580 852 641 893 cum
663 834 858 900 intellexerim,
884 853 1000 912 prorsus
1025 835 1133 893 divorsa
1157 837 1191 893 ab
1212 838 1264 894 boc

119 932 181 991 loco
204 952 235 991 ea
259 936 381 1009 exempla
402 952 476 998 csse,
506 937 533 992 in
557 937 656 1011 quibus
678 955 740 995 cum
756 946 834 994 ardea
856 939 889 995 de
913 946 972 995 toto
995 938 1174 1001 dictumest,
1206 946 1263 995 tum

119 1035 153 1093 de
172 1045 250 1113 parte
277 1037 379 1113 aliquid
409 1037 549 1112 singulare
577 1039 694 1096 adicitur
719 1037 784 1112 (Lis.
806 1040 827 1094 V
847 1047 894 1104 21,
911 1048 936 1099 4.
957 1039 1102 1116 Nipperdei
1124 1040 1157 1096 ad
1178 1040 1263 1097 Tacit.

120 1138 155 1195 ab
178 1157 233 1197 cxc.
256 1140 281 1196 d.
305 1141 375 1213 daig.
398 1139 409 1194 Ι
434 1144 473 1202 l'l.
500 1139 534 1213 1).
577 1140 666 1214 lqitur
691 1141 744 1198 iam
765 1141 898 1199 librorum
921 1129 1194 1216 manuscriptorum
1217 1158 1263 1198 na·

120 1248 180 1298 tura
202 1242 302 1299 melius
323 1249 466 1317 perspecta
488 1241 566 1299 iacile
588 1243 620 1299 ad
647 1261 707 1300 eam
728 1245 890 1302 sententiam
912 1245 1043 1301 adductus
1069 1260 1131 1301 sum
1152 1245 1264 1300 utalia

119 1344 250 1400 excidisse
268 1351 425 1400 statuerem.
469 1341 546 1412 Quod
567 1363 628 1403 cnm
644 1346 787 1404 exhibeant
808 1341 840 1421 3²
861 1355 889 1403 et
912 1346 934 1408 l,
954 1355 1043 1404 tamen
1065 1345 1194 1403 audacius
1214 1345 1264 1402 ali·

120 1446 181 1519 qtris
204 1445 266 1502 inde
287 1463 335 1502 eos
362 1462 395 1502 ex
422 1445 534 1503 meliore
559 1448 704 1523 exemplari
730 1465 810 1522 quam
838 1447 961 1506 relicuos
987 1447 1073 1505 libros
1104 1447 1259 1523 exscriptos

119 1564 178 1603 esse
201 1546 342 1623 spinetum
370 1548 477 1606 cautius
504 1549 610 1607 videtur
639 1550 759 1609 indicare
790 1551 917 1607 librarios
947 1549 1079 1625 quosdam
1108 1550 1173 1624 quid
1200 1567 1263 1607 sen·

119 1648 203 1704 tentia
221 1648 375 1724 postularet
392 1657 471 1707 acute
491 1653 670 1726 perspexisse.
711 1653 836 1710 Ceterum
857 1652 897 1708 illi
914 1652 1094 1709 emendationi
1116 1668 1171 1709 nnn
1193 1650 1262 1707 nibil

118 1751 351 1808 commendationis
380 1752 483 1810 accedit
510 1752 544 1810 ab
572 1754 706 1818 chiasmo,
737 1754 816 1813 cuins
841 1753 1000 1812 Sallustium
1021 1753 1262 1811 studiosissumum

119 1851 203 1909 inisse
220 1860 337 1910 constat.

203 2006 261 2080 lug.
281 2012 324 2070 ex,
341 2013 358 2064 2
376 2007 422 2081 qui
447 2007 525 2064 verba
547 2012 589 2065 eis
611 2015 696 2082 atque
718 2010 782 2065 aliis
800 2010 904 2066 tatibus
924 2010 1008 2065 dietis
1028 2009 1068 2064 ad
1083 2007 1191 2064 Cirtam
1211 2024 1262 2080 op-

115 2111 216 2182 pidum
244 2110 300 2165 iter
321 2112 511 2180 constituunt,
538 2114 615 2184 quod
638 2113 677 2168 ibi
702 2110 833 2168 Metellus
859 2113 1003 2182 praedam
1026 2111 1211 2182 captivasque
1235 2116 1263 2166 et

117 2213 310 2284 inpedimenta
332 2212 491 2281 locaverat,
513 2214 553 2270 uti
573 2213 654 2287 volgo
676 2215 809 2276 ednntnr,
833 2213 945 2286 legerit,
972 2212 1096 2288 prolecto
1119 2227 1200 2268 nemo
1221 2211 1263 2267 ci·

119 2314 219 2372 lendet.
264 2315 310 2370 Set
327 2313 405 2371 rnnlti
426 2315 507 2390 eique
526 2315 591 2371 boni
610 2314 673 2374 libri
693 2315 733 2372 ibi
753 2314 934 2397 Q.·Metellus
958 2313 1090 2389 praebent
1107 2331 1198 2388 neque
1223 2313 1262 2369 in·
1288 2362 1291 2367 ,

117 2416 259 2490 tellegitnr
281 2415 346 2491 qnid
371 2416 477 2473 tandem
499 2416 627 2473 librarios
649 2433 757 2472 irrorare
774 2417 912 2491 potuerit,
936 2416 977 2474 nti
998 2424 1093 2474 contra
1116 2414 1262 2489 seripturis

116 2526 285 2575 constantem
313 2535 417 2574 morem
444 2536 610 2592 praenomen
636 2519 688 2575 boe
717 2518 779 2575 loco
807 2519 952 2575 adicerent.
1003 2517 1111 2575 Scilicet
1140 2534 1203 2574 cnm
1234 2517 1261 2572 in

116 2614 257 2677 nainnnllis
277 2618 356 2675 libris
374 2628 456 2693 atquc
478 2621 505 2676 in
528 2621 648 2677 omnium
671 2621 873 2694 antiquissumo
894 2621 914 2676 P
936 2621 1069 2695 scriptum
1099 2620 1136 2675 sit
1158 2620 1261 2692 ibique,

117 2720 300 2777 manufestum
321 2728 372 2783 est,
393 2722 419 2777 in
440 2722 588 2797 archetypo
613 2723 638 2779 id
662 2723 735 2797 qnod
755 2722 786 2777 ad
806 2723 900 2794 ibique
923 2723 1079 2780 adiunctum
1101 2729 1188 2784 esset,
1217 2738 1284 2778 err-⁶

116 2822 213 2879 cidisse
236 2831 263 2878 et
283 2840 344 2879 erran
364 2830 392 2895 q'
415 2824 479 2897 quid
500 2824 550 2880 sibi
574 2823 667 2887 vellet,
691 2842 745 2880 non
764 2805 982 2899 perspiceretur,
1009 2822 1071 2880 inde
1094 2840 1261 2898 praenomen

118 2923 184 2980 illud
209 2925 309 2981 lactum
332 2942 400 2981 esse.
439 2924 471 2981 lit
495 2926 577 3000 quid?
593 2912 670 2982 ¹num
698 2925 855 2982 incredibile
877 2934 933 2988 cst,
961 2924 1098 2983 lletcllum
1125 2926 1261 3000 praedam,

116 3026 251 3101 captivae,
279 3026 459 3101 inpedimenta
483 3045 533 3103 per
552 3028 685 3103 conplura
709 3027 770 3085 loca
791 3027 875 3084 diuisa
898 3028 1070 3089 conlocasse,
1100 3027 1262 3102 pracsertim

115 3146 176 3185 cnm
198 3129 362 3203 inperatoris
381 3131 541 3203 prudentiae
562 3130 598 3187 sit
616 3147 718 3193 carere,
741 3147 775 3186 nc
796 3129 906 3205 captivi.
931 3130 955 3186 si
973 3130 1075 3186 maiore
1098 3146 1213 3186 numero
1234 3128 1260 3183 in

117 3248 200 3288 uniam
221 3229 311 3287 locum
328 3233 488 3306 congregati
510 3232 579 3294 sint,
607 3232 647 3288 vel
671 3233 751 3306 fugae
779 3230 821 3287 rel
841 3231 975 3288 tuxxrultns
995 3232 1165 3290 occasionem
1188 3231 1260 3286 insc-

116 3333 200 3389 niant.
245 3330 362 3400 Quodsi
386 3334 439 3390 tale
462 3334 577 3407 aliquid,
599 3342 630 3390 nt
659 3339 688 3389 et
715 3336 744 3388 iu
773 3335 872 3391 vicinio
896 3335 1021 3391 castellis
1048 3332 1179 3389 excidisse
1206 3340 1261 3387 sta·

117 3434 257 3495 tuerimns,
280 3433 443 3491 simillnmns
464 3435 547 3492 huius
569 3435 622 3492 loci
645 3434 723 3492 color
745 3444 787 3492 cst
808 3443 857 3500 89.
878 3442 893 3497 7
917 3438 947 3493 id
967 3437 1061 3509 ibique
1084 3442 1112 3491 et
1133 3436 1163 3491 in
1185 3435 1262 3491 omni

116 3536 222 3610 Africa
240 3545 292 3592 cet.

201 3691 361 3764 lug-9211
386 3706 446 3746 curn
469 3688 579 3746 rorlmm
602 3690 628 3746 in
651 3688 737 3746 altera
758 3699 834 3765 parte
856 3690 979 3746 coelicum
1002 3689 1260 3745 vetustissumorum

115 3812 230 3870 prorsus
253 3793 382 3849 omissum
405 3793 454 3856 sit,
484 3794 510 3849 in
536 3791 621 3848 altera
642 3796 753 3867 pereqit
780 3792 902 3865 legatur,
927 3800 969 3847 set
992 3791 1019 3846 in
1043 3784 1076 3846 P¹
1107 3791 1261 3866 posteriore

116 3914 196 3953 manu
218 3895 345 3956 additum,
365 3895 418 3953 hoc
439 3914 494 3952 non
512 3895 602 3952 minus
622 3912 701 3968 quarn
720 3897 859 3967 putruerit,
879 3893 952 3967 qnod
975 3893 1001 3948 in
1018 3892 1112 3967 paucis
1128 3909 1189 3949 esse
1207 3910 1261 3948 me·

116 3999 218 4055 moriae
231 3997 367 4071 proditum
376 4007 426 4061 est,
440 4016 494 4055 non
507 4016 539 4054 ex
551 3996 700 4070 archetypo
712 3997 848 4057 baustum,
862 4003 904 4051 set
915 3995 949 4052 ab
961 3994 1027 4069 ipsis
1039 3992 1158 4050 librariis
1171 3995 1261 4050 inven-

116 4109 258 4183 tum-esso,
274 4097 384 4154 verbnm
399 4100 426 4155 in
438 4098 485 4157 illo
498 4099 673 4157 obscuratum
683 4099 768 4154 inisse
782 4103 830 4154 aad
845 4096 977 4153 excidisse
994 4095 1114 4170 adparet.
1144 4094 1222 4163 Quod
1238 4094 1260 4152 si

116 4203 143 4258 in
163 4200 209 4256 tali
225 4200 415 4275 discrepantia,
435 4202 460 4257 id
478 4202 655 4275 quodminus
673 4206 835 4258 consuetum
852 4206 902 4261 est,
922 4199 1049 4273 qxrnniam
1068 4196 1261 4253 inlustratione

116 4320 198 4375 egere
221 4301 370 4371 ridebatur,
393 4303 492 4358 ceteris
510 4302 722 4377 praeterendum
742 4319 802 4359 esso
825 4308 898 4357 recte
919 4299 1030 4356 criticae
1051 4299 1118 4354 artis
1136 4298 1261 4373 magistri

116 4403 297 4480 praecipiunt,
321 4404 395 4478 qnod
418 4404 445 4459 in
467 4420 493 4460 m
516 4404 654 4461 inventum
671 4410 714 4459 est
729 4403 825 4474 effecit
841 4401 1028 4476 recipiundum
1046 4400 1159 4457 ridetur.
1196 4399 1261 4456 llam
