2768 5010
386 404 691 452 eouuournrronnn
714 407 786 451 eae.
809 408 851 452 ιι.
1155 388 1196 453 87

47 563 120 620 ratio
136 561 271 638 postulat,
294 579 355 620 eum
371 579 440 637 quae
463 562 496 619 ad
516 563 584 621 duas
606 580 651 621 res
673 571 797 640 speetent
809 573 968 639 sequautur,
990 575 1021 621 ut
1040 565 1120 623 etiam
1139 566 1194 622 duo

49 668 225 741 praecedant.
269 665 370 721 Dixerit
396 665 514 722 fortasse
540 666 690 741 quispiam:
718 670 847 724 convivio
875 677 1021 742 utrumque
1044 667 1194 743 eonpleeli;

49 784 111 825 esse
132 767 213 831 talia,
242 767 276 825 ad
304 784 374 841 qnae
394 777 484 824 scorta
506 767 697 831 adhibeantur,
725 769 869 843 inquibus
892 779 918 826 et
940 770 1042 827 ventris
1063 770 1195 845 eupidita-

49 870 124 927 tibus
144 878 174 927 el
196 869 364 927 lubidinibus
382 848 485 927 amoris
507 867 695 943 indulgeatnr;
717 878 745 926 at
767 872 794 927 id
816 871 927 947 probari
942 872 1044 944 nequit,
1068 872 1194 945 quoniam

50 974 88 1029 ita
109 980 182 1030 tecte
199 982 229 1029 et
251 970 397 1028 artificiose
420 970 495 1046 loqui
516 972 634 1028 minume
657 971 748 1046 ingeni
765 972 920 1028 Sallustiani
937 981 988 1036 est,
1007 981 1034 1030 et
1056 974 1113 1047 ipse
1129 972 1196 1030 seri·

51 1086 116 1150 ptor
136 1075 193 1130 Cat.
213 1079 240 1137 7,
262 1080 280 1133 t
300 1071 381 1148 plene
406 1091 436 1131 ac
457 1074 585 1130 distinete
606 1074 674 1130 dixit
694 1076 841 1147 magisque
869 1077 1031 1132 indecoris
1056 1077 1146 1131 armis
1168 1081 1197 1131 et

51 1178 224 1234 militaribus
252 1177 334 1248 equis
359 1192 446 1247 onom
473 1177 502 1231 in
527 1178 631 1234 scortis
651 1181 738 1247 etque
765 1178 900 1233 conviviis
927 1177 1081 1234 lubidinem
1108 1177 1195 1241 dobe-

51 1281 128 1337 bont.
164 1278 244 1348 Quod
259 1277 282 1333 si
299 1277 462 1352 obposueris
481 1278 551 1332 intra
572 1279 674 1349 epulas
697 1278 769 1334 solas
790 1279 987 1335 conmemorari
1011 1279 1125 1351 (quibus
1146 1280 1196 1335 illo

53 1383 145 1454 spolia
166 1381 337 1437 ioeurrdioro
358 1381 448 1453 sunl),
469 1379 542 1435 alind
558 1387 599 1435 est
620 1395 812 1453 praegressum
834 1380 970 1443 omittere,
991 1380 1063 1437 aliud
1079 1381 1105 1438 id
1123 1381 1195 1454 qarod

53 1483 131 1540 alteri
154 1482 282 1558 adposito
304 1482 468 1557 respondeat
490 1481 646 1554 neglegere.
691 1480 760 1548 Quid
788 1481 889 1556 igitur?
912 1489 1004 1539 utrum
1027 1482 1128 1556 aliquid
1151 1500 1196 1540 ex·

55 1587 151 1643 cidisse
174 1593 339 1648 statuamus,
367 1602 402 1641 an
427 1587 457 1640 in
477 1585 611 1640 conviviis
634 1583 770 1658 glossema
793 1585 871 1641 ossei
912 1584 969 1641 lloe
990 1585 1055 1641 mibi
1088 1585 1195 1658 quidem

57 1689 108 1745 reri
129 1687 248 1743 similius
262 1687 377 1744 ridetur.
423 1686 453 1742 ln
480 1685 520 1741 eis
542 1703 611 1760 qnae
632 1694 786 1760 sequnntur
802 1688 951 1759 puluerem
974 1704 1026 1743 orn.
1050 1684 1111 1748 ffl'l.
1134 1705 1194 1761 sup.

59 1789 101 1846 lin.
116 1808 151 1847 m.
183 1789 306 1846 Alterum
320 1806 352 1845 ex
367 1789 532 1862 glossemate
549 1797 641 1845 ortum
656 1806 716 1845 esse
735 1787 775 1844 rel
791 1787 852 1844 inde
868 1788 987 1862 adparet,
1006 1789 1078 1863 quod
1092 1788 1156 1844 Sall.
1169 1795 1196 1845 et

61 1894 113 1948 alio
136 1895 208 1948 tolio
233 1908 371 1966 uunquam
399 1891 453 1947 nisi
481 1907 535 1946 ιιιιο
564 1908 619 1946 nou
643 1890 767 1965 pluribus
790 1890 1015 1965 praecedentibus
1036 1882 1113 1947 ‹lisil
1128 1890 1195 1962 (lug.

64 1986 1195 2066 Q2stbffistbbbffl2ffiddfflbzwawmo

67 2097 142 2165 magis
162 2095 317 2156 tenendum,
340 2095 402 2169 qnia
424 2093 594 2151 consuetudo
616 2094 797 2151 ilnnranornrn
821 2095 859 2151 sio
881 2092 1011 2169 postulat.
1050 2096 1084 2149 nt
1104 2101 1195 2149 ntrnm

71 2194 191 2267 glossem
209 2198 270 2253 est?
313 2194 406 2253 l'aeile·
423 2194 545 2269 intellegi
574 2204 641 2269 puto
663 2198 797 2253 sudorem
825 2197 857 2253 ad
874 2198 1024 2269 pulverem
1046 2195 1196 2271 explicandi

73 2314 150 2354 tanssa
170 2299 336 2373 adscriptum
359 2315 428 2355 esse.
472 2296 556 2365 Quem
576 2298 609 2353 ad
628 2299 738 2355 modum
758 2299 811 2355 boe
831 2299 892 2356 loeo
911 2298 1074 2355 auctoritate
1097 2296 1125 2357 di
1148 2295 1197 2353 ali·

77 2399 127 2469 quid
144 2400 210 2459 male
232 2401 366 2458 adiectum
396 2417 456 2457 esse
478 2399 638 2461 statuimus,
665 2399 704 2455 sie
730 2418 779 2456 cur
801 2418 834 2457 ex
859 2401 953 2457 endem
981 2399 1050 2456 inira
1068 2399 1197 2455 omnibus

79 2508 126 2556 ante
138 2504 251 2575 (lapillis
264 2502 447 2578 receperimus
465 2518 559 2556 omnes
577 2511 771 2575 perspecturus
785 2502 899 2559 confido.
940 2502 1023 2571 (luem
1038 2502 1070 2557 ad
1087 2501 1195 2558 modurn

82 2610 149 2658 antem
167 2620 247 2680 supra
271 2611 386 2679 propter
413 2602 488 2676 leges
509 2602 643 2659 sermonis
665 2602 741 2659 latini
765 2606 898 2660 sudorem
917 2604 1071 2662 eieinndum
1093 2603 1195 2666 censui,

85 2700 113 2757 sie
131 2707 228 2762 eaodem
248 2722 291 2763 me
314 2713 487 2779 pennovent,
513 2713 544 2760 nt
567 2710 601 2764 ts
628 2705 702 2760 Nom
725 2721 799 2777 qnos
821 2707 860 2761 ad
884 2706 938 2762 boe
960 2713 1071 2779 lempna
1091 2706 1220 2778 Iugum,

86 2801 142 2858 tlon
171 2814 368 2874 tetulissent,
396 2808 491 2862 omnio
519 2809 691 2874 removistis,
723 2810 891 2876 avaritiam,
920 2810 1083 2880 inperitiam
1111 2814 1196 2881 atque

87 2910 221 2974 omittam
231 2927 293 2967 eum
308 2908 386 2965 libris
402 2908 599 2966 recentioribus
614 2909 693 2983 primi
708 2911 816 2983 generis
833 2917 919 2982 otqtre
935 2920 1030 2967 eontra
1042 2921 1195 2968 ceterorum

88 3017 218 3068 connasdm
239 3011 431 3068 removendum
453 3010 579 3067 arbitrer.
624 3010 718 3084 Neque
740 3011 811 3067 enim
834 3021 907 3069 reete
926 3012 1026 3068 dixeris
1041 3015 1195 3087 perstoriora

89 3104 164 3167 lunio
184 3131 264 3170 unum
286 3114 431 3170 coniuncta
454 3113 542 3188 primo
570 3103 735 3180 ἆσυνδὲτως
760 3113 869 3186 adiungi
896 3112 962 3185 (rid.
987 3132 1055 3187 qrtae
1078 3116 1141 3171 olim
1164 3116 1196 3171 ad

90 3204 131 3277 ¹¹¹8·
147 3230 168 3286 b·
191 3222 238 3275 teo
257 3214 421 3290 disputari),
449 3232 537 3288 neque
561 3215 670 3270 tertium
697 3232 763 3289 prae
785 3214 884 3271 ceteris
910 3216 1084 3272 eelorundum
1113 3218 1197 3273 luisse

91 3307 129 3375 i=
142 3323 162 3369 et
178 3319 249 3379 aleo,
270 3325 298 3373 et
319 3316 421 3389 etiarn).
460 3316 544 3373 Panlo
567 3325 630 3390 post
649 3318 676 3388 S.
696 3323 728 3377 47
751 3333 811 3372 euru
836 3317 1021 3373 vetustissumi
1043 3326 1071 3374 et
1093 3319 1197 3392 optumi

91 3407 136 3467 libri
151 3419 286 3476 exhibeant
307 3420 427 3491 Egomet
454 3420 482 3474 ln
510 3419 622 3489 proelio
649 3425 700 3474 ant
725 3420 756 3473 in
779 3421 891 3490 agmine
912 3421 1058 3475 consultor
1079 3421 1152 3475 idem
1170 3427 1197 3474 et

91 3517 208 3574 tttt'tt-
222 3523 361 3579 nobiseum
378 3523 476 3587 odero,
499 3519 597 3575 iniuria
613 3527 663 3575 ont
681 3519 715 3575 ab
736 3519 886 3577 editoribus
903 3529 1011 3595 praeter
1028 3520 1197 3576 Gerlaebium

93 3623 308 3683 tnntttunonto
336 3622 441 3677 librarii
469 3621 590 3678 babilnm
618 3628 675 3682 est,
705 3638 793 3694 neque
818 3639 870 3696 ego
900 3623 957 3695 ipse
985 3630 1058 3677 reete
1085 3623 1117 3676 dn.
1146 3621 1198 3677 hoe

93 3710 137 3773 lom
152 3724 207 3782 olim
229 3725 353 3782 iudicari.
395 3724 459 3780 Nam
483 3741 544 3780 euni
567 3721 666 3796 duplex
688 3723 724 3778 sit
744 3741 830 3796 genus
850 3722 1050 3798 periculorum,
1078 3742 1146 3796 quiae
1170 3724 1197 3778 in

93 3820 174 3885 libellis
198 3828 320 3884 adeidanl
348 3835 376 3883 et
408 3843 477 3900 quae
510 3825 538 3879 in
572 3823 730 3886 itineribus,
770 3840 819 3881 nee
846 3842 906 3881 erim
939 3824 1045 3896 agmine
1071 3825 1198 3881 ineednut

92 3917 165 3979 ndito
187 3929 293 4003 proelio
321 3927 402 3984 simul
425 3928 579 3989 decertant,
609 3934 682 3982 reete
706 3926 755 3983 bae
786 3931 913 3982 notiones
939 3943 989 4001 per
1018 3933 1069 3981 ont
1096 3927 1198 3983 disiun-

117 4099 139 4164 ll
156 4107 261 4162 Scilicet
283 4112 332 4160 ubi
355 4111 408 4161 duo
432 4108 612 4177 praecedunt.
641 4109 712 4174 qnod
723 4111 888 4174 ubicumque
899 4108 964 4159 libri
980 4110 1054 4159 viem
1064 4114 1197 4160 monstre-

90 4181 199 4246 ltttttraro
216 4203 316 4247 celerem
336 4203 364 4246 et
381 4200 445 4246 attus
463 4210 512 4260 por
531 4210 613 4261 eopu-
641 4196 710 4244 bont
732 4194 760 4244 id
778 4195 904 4256 eonresi,
929 4194 1006 4244 velut
1023 4193 1070 4258 86,
1092 4194 1119 4253 1,
1144 4212 1198 4246 non

88 4266 342 4347 latitampnrtieulum
349 4280 543 4345 adiunguntur,
552 4278 613 4330 Cet.
640 4295 738 4330 vereor
757 4295 791 4328 ne
809 4279 1001 4345 inperitorum
1014 4281 1197 4347 vituperatio-

89 4353 123 4417 ιι,
137 4361 158 4411 ι.
178 4365 218 4427 n,
238 4367 263 4416 ι.
283 4364 331 4423 se,
349 4365 375 4416 e.
394 4365 440 4426 se,
460 4363 502 4416 ae.
521 4362 569 4427 ao,
588 4366 613 4414 e.
641 4380 704 4416 nem
723 4365 869 4416 anconam.

84 4438 133 4508 Ing·
148 4445 170 4513 l,
186 4449 211 4503 3.
229 4450 259 4515 3,
277 4451 304 4503 2.
323 4448 371 4514 39,
391 4449 415 4502 1.
436 4448 484 4514 lid,
505 4449 530 4501 1.
567 4449 616 4503 Set
