2768 5010
125 368 165 433 28
468 390 771 436 eounuursmouuu
797 393 869 438 ene.
890 396 925 441 tt.

125 546 328 619 scriptumest,
351 563 446 621 parum
468 564 549 620 grave
568 555 611 603 est
632 558 837 622 argentomum.
857 568 918 607 cum
941 550 963 606 G
986 550 1113 607 ostendat
1135 552 1161 608 id
1185 570 1268 627 supra

125 648 256 723 scriptum
282 649 381 712 luisse,
406 646 509 706 scilicet
532 649 566 706 ab
591 667 623 706 eo
649 651 693 706 cui
716 668 845 708 numerus
872 652 951 709 nimis
969 669 1067 727 paraus
1087 653 1161 709 visus
1184 661 1267 711 esset.

124 750 203 806 Certe
227 750 288 806 iude
305 768 359 806 uon
375 750 461 824 magis
483 750 586 826 aliquid
608 752 675 809 certi
695 751 764 809 ellici
786 760 886 828 potest.
908 771 988 828 qumn
1009 755 1198 830 exscriptum
1222 774 1268 813 eo·

123 851 190 909 dicis
209 845 239 926 g¹
259 855 384 925 quinque
394 854 508 924 pedites
529 871 648 911 numero
671 863 717 911 aiat
740 873 772 911 ex
791 856 979 930 superscripto
1003 856 1029 911 iu
1047 849 1081 929 3²
1100 858 1184 913 multi
1198 852 1267 913 duri.

124 954 249 1023 Quamvis
266 956 350 1028 igitur
370 955 434 1011 mihi
458 957 513 1011 veri
533 957 648 1012 similius
665 957 788 1014 vitientur
804 959 905 1014 milites
917 973 1029 1029 paitcos
1046 965 1073 1014 et
1093 959 1165 1015 iuter
1176 975 1268 1032 proe-

122 1057 194 1112 sidio
216 1059 268 1129 qni
277 1057 377 1130 forent
395 1066 422 1114 et
439 1064 576 1130 quattuor
592 1061 774 1116 centuriones
789 1059 928 1123 excidisse,
954 1068 1041 1115 tamen
1058 1067 1163 1118 tantum
1179 1061 1268 1141 abest.

123 1167 153 1215 nt
176 1158 294 1222 Liulreri
315 1161 365 1216 viri
388 1161 560 1223 amicissumi,
583 1161 689 1218 laudem
712 1161 841 1218 minutam
862 1160 955 1224 velim,
984 1168 1016 1219 ut
1043 1179 1093 1237 per
1113 1180 1176 1220 eum
1200 1163 1267 1220 milri

123 1261 190 1318 viam
211 1261 400 1336 rationemque
418 1263 629 1319 demonstratam
653 1281 713 1320 esse
735 1262 819 1322 libere
842 1272 923 1338 atque
942 1263 1058 1337 ingenue
1077 1264 1217 1338 profitear.

208 1362 236 1418 ln
260 1362 333 1431 Sulla
356 1381 379 1420 c.
402 1371 486 1428 95.3
511 1365 611 1422 dieitur
640 1366 725 1423 luisse
753 1367 793 1437 od
820 1367 983 1423 simulanda
1011 1367 1124 1438 nepotio
1145 1367 1268 1426 altitudo

122 1467 220 1539 inponi
244 1466 427 1522 incredibilis.
477 1466 654 1524 Altitudinem
690 1468 780 1541 ingeni
807 1469 892 1542 igitur
916 1466 1080 1525 Graecorum
1107 1455 1268 1543 βαθύτητα

44 1572 46 1583 “
122 1585 191 1630 esse,
214 1584 274 1623 enm
300 1566 421 1624 habitum
445 1585 476 1625 en
503 1587 557 1645 quo
585 1568 661 1626 nullo
685 1570 766 1626 ruoilo
790 1571 853 1645 iprid
881 1587 943 1627 vere
966 1578 1056 1627 mente
1078 1571 1200 1643 agitetur
1220 1589 1267 1628 co·

122 1670 218 1744 guesei
239 1670 338 1743 possit,
361 1670 521 1728 rectissume
549 1670 583 1728 als
604 1670 708 1727 Kritzio
736 1679 875 1729 ostensum
899 1681 941 1729 est
964 1671 1033 1745 (edd.
1056 1690 1136 1729 utine.
1159 1673 1265 1729 uotort.

121 1772 154 1828 ad
174 1772 257 1829 Tacit.
281 1770 348 1827 llist.
373 1773 405 1828 tv
424 1780 466 1834 86.
489 1773 633 1849 Nipperdei
657 1774 690 1830 ad
714 1774 773 1830 Tac.
796 1773 829 1830 ab
851 1792 906 1832 esc.
927 1774 952 1831 d.
975 1776 1044 1849 Aug.
1067 1773 1099 1830 111
1114 1779 1156 1834 m.
1203 1774 1265 1831 Alio

122 1875 202 1931 modo
225 1873 394 1932 altitudinem
415 1875 495 1931 animi
519 1877 617 1933 dictatu
637 1893 698 1932 esse
718 1875 772 1933 Cic.
794 1877 827 1933 ad
847 1877 919 1933 Fam.
942 1876 975 1932 lll
999 1885 1039 1939 10.
1064 1884 1104 1935 10.
1126 1876 1160 1931 lV
1184 1882 1225 1939 12
1249 1882 1267 1935 2

123 1977 243 2033 ostendit
265 1976 397 2050 debrius).
438 1978 537 2035 Verum
560 1979 696 2035 enimvero
720 1995 751 2034 en
770 1978 861 2051 ingeni
883 1979 968 2036 virtus
990 1978 1151 2053 plerumque
1173 1979 1201 2034 iu
1221 1997 1265 2035 ce·

121 2077 207 2134 laudis
233 2079 313 2135 animi
340 2079 557 2154 permotionibus
587 2080 716 2138 cernitur.
769 2079 845 2147 Quod
873 2098 965 2137 secum
992 2087 1121 2155 reputans
1144 2078 1265 2137 liritzius

121 2181 177 2239 sire
190 2181 347 2238 coniectura
365 2182 421 2238 sire
440 2183 471 2238 ad
488 2183 565 2239 codd.
582 2175 659 2256 s²g⁵r
673 2180 751 2238 fidem
770 2181 797 2237 iu
813 2183 967 2238 novissume
989 2181 1110 2238 editione
1124 2183 1164 2237 od
1180 2183 1264 2238 ctissi-

120 2286 257 2341 mulnnde
275 2287 386 2358 nepotis
400 2286 519 2341 altitudo
531 2286 629 2357 inponi
644 2285 819 2340 incredibilis
834 2283 952 2357 scripsit.
977 2284 1024 2339 Set
1039 2283 1160 2357 quamvis
1175 2285 1220 2340 dis
1236 2283 1263 2339 in

121 2385 246 2445 omnibus
264 2386 459 2443 vetustioribus
478 2385 555 2442 libris
578 2387 707 2442 omissum
728 2403 758 2442 ac
780 2386 873 2441 ritimu
894 2385 922 2440 in
938 2385 1140 2442 recentissumis
1154 2385 1262 2441 demum

119 2495 273 2546 correctum
299 2504 360 2544 esse
383 2487 500 2545 minume
523 2487 680 2545 incredibile
702 2487 839 2548 videntur,
868 2494 958 2543 tarrreu
979 2504 1039 2542 cum
1062 2486 1143 2543 rerba
1165 2485 1264 2543 illaad

120 2590 253 2646 rationem
276 2607 328 2663 qua
348 2589 422 2646 Sulla
445 2592 472 2646 iu
491 2607 548 2652 eos,
571 2588 731 2663 quibuscum
752 2589 976 2646 consuetudinem
992 2589 1124 2662 quandam
1140 2587 1262 2649 liaberet,

120 2709 149 2747 se
171 2691 288 2764 gesserit
308 2691 446 2764 pertinere
468 2709 500 2747 ex
522 2692 561 2747 eis
585 2709 645 2748 cum
669 2690 767 2764 quibus
789 2707 909 2747 connexa
935 2698 999 2745 suut
1028 2691 1156 2765 adpareat
1179 2699 1263 2764 atque

119 2793 186 2849 odeo
210 2791 349 2848 inlustrari
376 2803 404 2850 et
432 2792 589 2867 amplificari
611 2791 766 2849 calliditatis
790 2793 943 2855 notionem,
967 2800 997 2849 ut
1019 2792 1162 2866 sequeutia
1182 2790 1263 2848 verba

119 2895 151 2951 ad
173 2896 299 2951 amicitie
317 2894 416 2967 facilis
439 2903 562 2969 spectare
585 2895 664 2950 lacile
686 2893 877 2967 intellegatur,
905 2911 1000 2969 parum
1024 2893 1125 2950 dictum
1146 2893 1262 2956 videtur,

119 2997 141 3053 si
161 3014 222 3053 euni
242 3014 311 3071 quae
340 2996 457 3053 animum
487 3004 628 3053 moverent
654 3005 736 3070 atque
762 3005 908 3071 angerent,
938 3013 1051 3070 prorsus
1076 2995 1262 3052 recondidisse

119 3116 278 3173 summaque
296 3099 449 3156 constantia
471 3099 574 3155 celasse
597 3099 774 3172 significetur.
812 3099 895 3153 humo
917 3097 1059 3172 prudentia
1082 3115 1113 3153 ac
1128 3096 1263 3155 calliditas

121 3203 147 3258 in
165 3201 306 3257 imminuiu
325 3201 523 3258 cousuetudine
546 3218 600 3257 uon
621 3199 816 3256 dissimulando
839 3199 936 3261 solum,
960 3216 1052 3255 verum
1075 3199 1155 3255 etiarn
1178 3200 1262 3255 simu·

118 3303 199 3360 lando
221 3302 376 3360 ostenditur
392 3311 419 3358 et
439 3302 471 3358 nd
495 3311 641 3377 utrumque
663 3303 780 3358 altitudo
802 3301 892 3374 ingeui
915 3300 1135 3362 necessariorem,
1159 3301 1262 3375 quippe

119 3424 171 3480 qua
194 3422 228 3461 ne
249 3422 312 3461 rora
333 3403 415 3460 arriuri
432 3405 565 3460 sententia
582 3404 763 3478 perspiciatur
784 3401 947 3478 inpediatur.
986 3401 1033 3458 Set
1050 3401 1114 3475 quit
1131 3404 1262 3474 recoctio?

117 3508 184 3565 Num
209 3508 301 3563 eadem
324 3512 396 3566 sum,
420 3523 436 3561 a
457 3505 635 3579 quibuscum
658 3523 803 3580 nurnipram
824 3504 992 3579 voluptatem
1015 3510 1178 3559 remoratum
1200 3522 1262 3559 esse

118 3629 200 3686 supra
222 3609 341 3682 scriptor
364 3608 449 3664 dixit?
491 3608 619 3664 Proiecto
642 3608 749 3669 eadem,
772 3615 814 3662 set
837 3614 866 3661 ut
888 3607 974 3680 uirgis
996 3605 1076 3662 animi
1095 3606 1210 3679 agitatio
1233 3613 1261 3661 et

118 3712 252 3790 permotio
271 3728 340 3785 (retae
360 3729 421 3768 cum
444 3711 556 3783 negotio
580 3709 724 3766 coniuncta
747 3717 789 3765 est
811 3707 1028 3781 (¹111teressen’).
1053 3726 1133 3782 quiam
1159 3707 1260 3781 agundi

117 3823 145 3872 et
164 3814 322 3891 perficiundi
345 3812 491 3870 difficultas
511 3831 542 3869 ac
564 3811 643 3868 labor
662 3820 809 3887 prematur.
851 3810 888 3864 Ac
916 3810 961 3884 qiu
988 3828 1050 3865 rere
1071 3809 1186 3866 callidus
1208 3818 1259 3872 est.

117 3935 172 3973 non
191 3917 272 3974 miodo
291 3933 351 3972 sese
371 3915 473 3988 alirprid
496 3915 619 3970 studiose
641 3932 741 3988 cupere
764 3911 899 4002 spiratiam,
924 3929 1003 3985 quam
1027 3929 1142 3986 quarum
1166 3929 1259 3969 rerum

95 4014 246 4094 'eripeteus
266 4019 301 4073 sit
324 4016 496 4074 dissimulare
519 4024 620 4093 potest.
665 4015 759 4071 Nonne
783 4015 868 4088 igitur
891 4014 943 4070 inm
963 4013 995 4068 alr
1017 4013 1146 4069 Sallustio
1168 4013 1260 4070 ‹liceu-

115 4123 179 4178 dum
200 4122 308 4177 ridetur
330 4120 429 4176 luisse:
454 4121 480 4175 iu
504 4119 579 4176 Sulla
600 4136 703 4174 sustuna
731 4116 864 4174 calliditas
888 4114 950 4178 luit,
972 4117 1073 4191 quippe
1096 4115 1177 4172 animi
1198 4134 1259 4191 per·

116 4224 252 4281 motiones
282 4239 337 4278 non
365 4222 455 4277 minus
479 4221 607 4278 simulare
633 4238 712 4295 (liram
740 4218 911 4274 dissimulare
935 4219 971 4274 ita
994 4217 1098 4293 putuit.
1127 4226 1156 4272 ut
1180 4235 1259 4274 nemo

116 4344 205 4382 veram
228 4324 308 4381 auiuu
332 4324 495 4380 senteutiam
519 4323 696 4398 perspiceret,
718 4321 759 4377 rel
783 4328 814 4377 ut
837 4321 922 4396 ipsius
944 4320 1055 4377 Sallusti
1076 4319 1166 4375 rerliis
1190 4329 1259 4383 utar,

117 4428 168 4486 luit
197 4427 224 4484 iu
252 4444 286 4483 eo
313 4426 419 4483 animus
444 4426 522 4482 euius
553 4425 591 4480 rei
622 4423 732 4481 lubebat
760 4422 904 4480 simulator
932 4421 1170 4480 ae·dissimulater
1192 4421 1258 4494 (Cat.
