2768 5010
170 328 230 416 tio
508 367 811 417 eonnnnrnrtonun
835 366 907 415 ear.
928 368 960 416 v.

253 526 392 583 Emendati
414 526 467 583 loci
488 527 550 608 lugc
565 534 607 591 97,
625 537 641 588 5
663 527 721 584 laus
744 528 860 584 debetur
882 527 1008 591 binkero,
1032 528 1078 601 qui
1094 528 1232 604 perspexit
1247 545 1309 603 per-

167 646 248 686 verse
269 629 322 685 dici
343 629 376 685 ab
396 629 523 685 Romanis
544 628 613 686 elios
634 648 744 692 caesos,
767 629 836 687 elios
859 630 1036 687 obtruncatos
1061 647 1137 695 esse;
1166 631 1309 687 dicendum

169 750 230 789 esse
253 732 317 807 quid
339 733 450 789 llomani
476 731 577 787 divorsi
603 733 726 790 fecerint.
774 733 821 789 Set
840 732 925 789 mirer
947 733 1161 790 emendationem
1190 732 1223 789 ab
1250 733 1308 788 viro

168 834 336 892 doctissumo
355 835 516 891 rectissume
538 835 690 891 institutum
712 853 767 891 nun
788 835 938 910 perfectam
960 853 1028 893 esse.
1064 833 1122 903 Quo
1140 835 1221 892 modo
1237 834 1308 890 enim
1358 898 1361 902 ,

167 937 281 995 Romani
303 938 398 995 hostes
415 937 462 1012 qui
479 955 593 995 numero
609 939 715 1012 priores
731 946 759 995 et
774 939 893 1012 undique
908 938 1064 996 circumfusi
1083 945 1161 995 erant
1181 937 1214 992 ab
1230 946 1309 1009 tergo

168 1040 363 1097 circumvenire
385 1044 518 1116 potuere?
538 1048 565 1097 et
584 1058 634 1097 cur
656 1040 801 1097 Sallustius
824 1043 976 1098 oiluorsem
991 1042 1086 1111 hostes
1108 1040 1225 1114 scripsit,
1248 1057 1309 1096 cum

169 1142 281 1199 deberet
309 1146 463 1201 adeersum
491 1145 540 1199 se?
584 1143 852 1200 CernmodissumeP
875 1137 956 1200 etP1
980 1143 1162 1200 exbibuerunt
1185 1144 1309 1199 circum

171 1248 271 1312 oeniri,
292 1246 362 1302 unde
384 1245 465 1302 etiam
484 1247 565 1302 multi
585 1252 613 1302 et
636 1255 801 1320 preparantes
823 1246 1022 1302 restituendum
1043 1245 1163 1322 adparet.

256 1415 359 1473 'fimide
378 1416 447 1472 bane
469 1433 596 1491 propone
619 1418 789 1479 sententiam,
812 1416 954 1473 ridendum
973 1433 1032 1472 esse
1048 1433 1138 1472 annon
1160 1415 1217 1489 lug.
1238 1421 1308 1476 931

171 1518 347 1575 scribendum
369 1518 404 1574 sit
426 1536 514 1574 meno
536 1521 687 1576 consulere
709 1536 744 1575 ae
768 1520 933 1592 sipnificere
954 1520 1096 1574 militibus.
1142 1517 1313 1591 Sipnificere

171 1621 243 1677 enim
266 1621 338 1695 qued
360 1620 436 1677 solus
458 1639 483 1677 m
508 1620 625 1684 exhibet,
650 1620 703 1677 tale
724 1630 774 1683 est,
798 1621 870 1694 quod
887 1630 917 1676 ut
931 1620 982 1677 sibi
1000 1620 1155 1696 obponatur
1170 1620 1311 1694 sequentia

171 1726 305 1796 quonium
327 1726 464 1796 inperare
487 1724 663 1780 eoriterbetis
689 1724 819 1781 emiiibus
840 1741 897 1780 non
920 1729 1039 1796 peteret
1061 1741 1146 1798 paene
1170 1723 1313 1778 rideantur

171 1825 331 1899 efflagitare.
1015 1808 1019 1815 ¹

256 1979 314 2054 lug.
339 1988 403 2042 100,
426 1985 443 2037 d
464 1996 526 2035 cnm
546 1986 635 2035 eastra
657 1994 713 2034 non
735 1996 815 2035 unam
843 1986 951 2054 portam
975 1975 1093 2034 babeant
1115 1993 1203 2051 neque
1223 1984 1312 2049 porte

172 2082 250 2139 notio
273 2082 323 2144 sit,
347 2099 415 2156 quae
436 2079 577 2136 collective
599 2080 641 2136 rel
663 2081 828 2154 generaliter
849 2082 901 2138 diei
923 2079 1025 2156 pessit,
1051 2080 1212 2153 praesertim
1235 2081 1262 2136 in
1283 2097 1312 2135 re

172 2184 296 2246 militari,
326 2201 456 2240 summum
478 2182 648 2256 diligentium
673 2200 727 2239 non
746 2183 834 2239 solnm
856 2182 889 2238 ab
912 2181 1113 2257 inperatoribus
1133 2189 1161 2239 et
1179 2182 1312 2238 militibus

173 2297 213 2343 set
235 2287 315 2343 etiam
338 2286 370 2342 ab
397 2285 579 2361 scriptoribus
601 2285 726 2359 exigente
746 2294 773 2341 et
790 2284 962 2360 postulante,
992 2283 1086 2358 utique
1108 2283 1246 2358 probanda
1271 2293 1313 2339 est

171 2390 254 2464 lipsii
275 2389 425 2445 emendatio
446 2390 612 2459 leopertus,
638 2395 669 2443 ut
697 2384 796 2443 flarius
818 2387 965 2460 diligenter
991 2403 1084 2442 onmes
1113 2394 1207 2461 portas
1235 2403 1314 2461 prae·

173 2491 248 2547 sidiis
271 2491 416 2547 ninnirisse
435 2488 549 2545 (licetur.
594 2487 677 2544 Paule
693 2497 757 2562 post
779 2506 843 2545 num
862 2498 936 2547 recte
955 2505 988 2544 ex
1000 2487 1134 2544 librorum
1151 2489 1314 2544 vetustissu·

172 2610 278 2649 morum
303 2590 447 2665 scripturis
478 2589 673 2647 emendaverim
703 2593 813 2662 equites
841 2607 881 2648 ex
910 2592 1076 2646 iruoeiliuriis
1103 2590 1183 2664 nequi
1210 2590 1313 2646 iudices

172 2694 287 2749 rideant.
333 2693 409 2760 Quod
436 2700 494 2748 lmn
520 2691 626 2764 ficturo
659 2693 806 2767 conrigens
836 2692 995 2750 Sallustium
1024 2691 1133 2748 liberari
1163 2691 1313 2766 obprobrio

172 2813 239 2851 risus
262 2813 294 2850 ex
317 2794 440 2851 obsoleta
463 2795 625 2868 antiquitate
644 2796 767 2869 repetiti,
789 2795 917 2852 audacius
946 2794 1046 2850 lactum
1071 2811 1131 2850 esse
1156 2792 1236 2849 multi
1260 2793 1314 2850 eln-

172 2897 292 2957 mnbimt,
317 2896 418 2971 quippe
441 2896 487 2969 qui
512 2896 669 2953 Sallustium
692 2898 781 2953 omniu
799 2897 851 2955 sibi
869 2896 1013 2953 indulsisse
1030 2896 1141 2969 fingant.
1179 2894 1315 2951 Consolor

172 3017 215 3056 me
236 3000 352 3062 intereo,
381 2998 453 3073 quod
474 2998 593 3054 llalmius
613 3017 688 3056 meus
711 3000 778 3057 adeo
800 3010 895 3056 contra
917 3001 946 3054 Α.
970 2996 1039 3053 Gelli
1060 2999 1090 3054 N.
1115 3001 1145 3052 Λ.
1167 2997 1177 3052 Ι
1199 3003 1214 3058 7
1237 2998 1315 3052 testi·

173 3101 293 3159 monium
315 3120 357 3175 ap.
381 3101 433 3157 llic.
457 3101 484 3156 in
508 3101 582 3156 ferr.
605 3101 626 3154 V
647 3109 695 3164 65,
719 3107 768 3164 167
797 3119 880 3158 unum
906 3101 1040 3174 futurum
1061 3100 1230 3175 probandum
1251 3117 1314 3155 cen-

173 3205 236 3261 suit.
279 3203 320 3258 db
339 3202 468 3258 Sallustio
489 3201 624 3280 futurum
648 3203 779 3278 scriptum
803 3222 863 3260 esse
886 3203 978 3259 nullus
999 3203 1113 3259 idoneus
1142 3210 1169 3258 et
1190 3201 1314 3276 locuples

174 3306 252 3363 testis
277 3305 422 3361 memoriae
445 3305 581 3379 prodidit,
610 3324 659 3361 nec
681 3305 779 3360 mirum
803 3314 845 3362 est
873 3306 1000 3362 librarios
1022 3305 1121 3360 duritie
1145 3304 1264 3361 offensos
1287 3310 1314 3359 et

173 3423 235 3465 esse
254 3408 383 3464 omissum
404 3425 458 3463 non
477 3408 591 3465 ferentis
613 3407 787 3482 participium
808 3408 841 3487 ad
864 3407 1060 3464 substantivum
1085 3407 1235 3481 adaptasse.

259 3594 316 3670 lug.
340 3601 403 3670 102,
424 3601 441 3653 2
463 3594 544 3668 volgo
572 3595 703 3650 edebatur
727 3596 796 3651 velle
822 3596 857 3651 de
883 3611 935 3652 siro
960 3603 986 3651 et
1012 3596 1047 3651 de
1071 3596 1176 3666 pepuli
1201 3595 1316 3651 romoni

174 3701 317 3756 eomnredo
338 3716 402 3753 rem
422 3700 464 3753 eis
486 3699 638 3754 disserere.
680 3697 839 3754 ltubitarere
862 3697 912 3753 riri
933 3698 1006 3754 docti
1029 3713 1093 3753 unm
1114 3712 1185 3753 seris
1198 3697 1231 3753 ad
1249 3697 1314 3753 floc-

174 3802 254 3858 ebum
277 3799 392 3856 relntum
414 3807 487 3857 reete
504 3799 606 3856 dietum
625 3800 674 3863 sit,
701 3801 734 3855 de
757 3817 809 3873 qun
833 3817 862 3856 re
886 3800 1021 3873 disputavi
1044 3799 1121 3856 Obss.
1145 3818 1172 3873 p.
1193 3805 1313 3859 ’ΖΟ-Ἡ.

175 3903 256 3959 llecte
274 3911 363 3959 autem
383 3920 542 3976 persensum
564 3912 638 3964 erat,
665 3902 755 3957 minus
781 3902 921 3958 commode
942 3901 1075 3957 Bocchum
1104 3919 1164 3957 cum
1192 3901 1225 3957 de
1248 3918 1313 3975 pace

175 4013 285 4059 arturus
306 4013 386 4066 esset.
407 4006 440 4060 de
464 4023 513 4059 sno
535 4005 677 4061 commodo
700 4005 798 4066 dicere,
821 4004 910 4061 minus
933 4004 1073 4061 commode
1095 4021 1173 4059 sunm
1194 4020 1314 4060 commo·

174 4107 237 4161 dum
266 4113 327 4161 ante
352 4106 534 4162 Romanorum
556 4123 768 4163 conmemorare.
817 4106 890 4174 Quae
919 4107 1009 4162 omnia
1037 4114 1223 4168 removentur,
1252 4123 1313 4162 eum

176 4217 304 4282 optumos
328 4207 413 4262 libros
436 4209 521 4264 secuti
545 4211 620 4264 drsr
643 4216 670 4264 rt
691 4211 725 4265 de
742 4226 792 4281 po.
810 4226 852 4265 re.
876 4211 1021 4265 eoinniode
1038 4210 1182 4265 disserere
1197 4207 1314 4282 scripse·

176 4310 268 4365 rimus.
314 4311 342 4364 ln
365 4311 488 4366 nratiene
511 4310 600 4366 Sullae
623 4329 691 4385 quae
718 4311 844 4384 seipiitur
865 4320 895 4374 5,
920 4330 983 4367 cnm
1011 4311 1074 4367 mibi
1104 4311 1160 4368 ueri
1182 4309 1314 4367 dissimile

175 4411 320 4471 sidereum,
344 4411 470 4468 librarios
492 4413 564 4485 quod
587 4412 734 4470 Sallustius
755 4412 788 4470 ub
811 4418 844 4470 rit
863 4414 982 4489 pemlcre
1001 4414 1076 4471 etde
1091 4412 1197 4471 Beecbo
1212 4412 1314 4470 dictum
