<?xml version="1.0" encoding="UTF-8"?>
<!DOCTYPE html PUBLIC "-//W3C//DTD XHTML 1.0 Transitional//EN"
    "http://www.w3.org/TR/xhtml1/DTD/xhtml1-transitional.dtd">
<html xmlns="http://www.w3.org/1999/xhtml" xml:lang="en" lang="en">
 <head>
  <title>
</title>
<meta http-equiv="Content-Type" content="text/html;charset=utf-8" />
  <meta name='ocr-system' content='tesseract 3.04.00' />
  <meta name='ocr-capabilities' content='ocr_page ocr_carea ocr_par ocr_line ocrx_word'/>
</head>
<body>
  <div class='ocr_page' id='page_1' title='image "./gaisallvsticris00sallgoog_0112.png"; bbox 0 0 2768 5010; ppageno 0'>
   <div class='ocr_carea' id='block_1_1' title="bbox 455 337 1362 409">
    <p class='ocr_par' dir='ltr' id='par_1_1' title="bbox 455 337 1362 409">
     <span class='ocr_line' id='line_1_1' title="bbox 455 337 1362 409; baseline 0.003 -5"><span class='ocrx_word' id='word_1_1' title='bbox 455 357 759 406; x_wconf 78' lang='lat' dir='ltr'>conuenesnronnu</span> <span class='ocrx_word' id='word_1_2' title='bbox 783 356 855 405; x_wconf 74' lang='lat' dir='ltr'>oue.</span> <span class='ocrx_word' id='word_1_3' title='bbox 876 357 919 408; x_wconf 78' lang='lat' dir='ltr'>ra.</span> <span class='ocrx_word' id='word_1_4' title='bbox 1219 337 1261 409; x_wconf 82' lang='grc'>99</span> <span class='ocrx_word' id='word_1_5' title='bbox 1359 402 1362 407; x_wconf 80' lang='grc'>,</span> 
     </span>
    </p>
   </div>
   <div class='ocr_carea' id='block_1_2' title="bbox 106 512 1280 4162">
    <p class='ocr_par' dir='ltr' id='par_1_2' title="bbox 106 512 1280 4162">
     <span class='ocr_line' id='line_1_2' title="bbox 121 512 1259 592; baseline 0.002 -20"><span class='ocrx_word' id='word_1_6' title='bbox 121 522 225 590; x_wconf 78' lang='lat' dir='ltr'>plurem</span> <span class='ocrx_word' id='word_1_7' title='bbox 248 512 330 589; x_wconf 79' lang='lat' dir='ltr'>volgo</span> <span class='ocrx_word' id='word_1_8' title='bbox 351 524 489 592; x_wconf 74' lang='lat' dir='ltr'>receptam</span> <span class='ocrx_word' id='word_1_9' title='bbox 513 517 685 575; x_wconf 85' lang='lat' dir='ltr'>inmutarisse</span> <span class='ocrx_word' id='word_1_10' title='bbox 713 515 864 592; x_wconf 72' lang='lat' dir='ltr'>intelleges.</span> <span class='ocrx_word' id='word_1_11' title='bbox 910 516 964 576; x_wconf 84' lang='lat' dir='ltr'>llec</span> <span class='ocrx_word' id='word_1_12' title='bbox 994 517 1080 592; x_wconf 79' lang='lat' dir='ltr'>magis</span> <span class='ocrx_word' id='word_1_13' title='bbox 1107 535 1204 576; x_wconf 83' lang='lat' dir='ltr'>vereor</span> <span class='ocrx_word' id='word_1_14' title='bbox 1225 534 1259 574; x_wconf 91' lang='lat' dir='ltr'>ne</span> 
     </span>
     <span class='ocr_line' id='line_1_3' title="bbox 120 594 1259 695; baseline 0.003 -22"><span class='ocrx_word' id='word_1_15' title='bbox 120 617 147 673; x_wconf 89' lang='lat' dir='ltr'>in</span> <span class='ocrx_word' id='word_1_16' title='bbox 169 594 329 675; x_wconf 86' lang='lat' dir='ltr'>temeritatis</span> <span class='ocrx_word' id='word_1_17' title='bbox 350 620 453 676; x_wconf 78' lang='lat' dir='ltr'>crimen</span> <span class='ocrx_word' id='word_1_18' title='bbox 468 620 612 683; x_wconf 87' lang='lat' dir='ltr'>incurram,</span> <span class='ocrx_word' id='word_1_19' title='bbox 636 621 708 694; x_wconf 87' lang='lat' dir='ltr'>quod</span> <span class='ocrx_word' id='word_1_20' title='bbox 731 637 799 694; x_wconf 74' lang='lat' dir='ltr'>(puae</span> <span class='ocrx_word' id='word_1_21' title='bbox 821 629 973 695; x_wconf 84' lang='lat' dir='ltr'>sequrmtur</span> <span class='ocrx_word' id='word_1_22' title='bbox 991 637 1065 694; x_wconf 80' lang='lat' dir='ltr'>quac</span> <span class='ocrx_word' id='word_1_23' title='bbox 1086 610 1194 678; x_wconf 78' lang='lat' dir='ltr'>scilicet</span> <span class='ocrx_word' id='word_1_24' title='bbox 1216 626 1259 676; x_wconf 85' lang='lat' dir='ltr'>ta·</span> 
     </span>
     <span class='ocr_line' id='line_1_4' title="bbox 119 721 1258 796; baseline 0.001 -21"><span class='ocrx_word' id='word_1_25' title='bbox 119 727 198 776; x_wconf 81' lang='lat' dir='ltr'>aetate</span> <span class='ocrx_word' id='word_1_26' title='bbox 211 722 273 792; x_wconf 86' lang='lat' dir='ltr'>ipso</span> <span class='ocrx_word' id='word_1_27' title='bbox 288 723 400 778; x_wconf 86' lang='lat' dir='ltr'>occulta</span> <span class='ocrx_word' id='word_1_28' title='bbox 413 724 542 794; x_wconf 86' lang='lat' dir='ltr'>pectoris</span> <span class='ocrx_word' id='word_1_29' title='bbox 552 722 728 796; x_wconf 73' lang='lat' dir='ltr'>patefecisse</span> <span class='ocrx_word' id='word_1_30' title='bbox 743 721 819 779; x_wconf 88' lang='lat' dir='ltr'>solus</span> <span class='ocrx_word' id='word_1_31' title='bbox 839 724 866 778; x_wconf 90' lang='lat' dir='ltr'>in</span> <span class='ocrx_word' id='word_1_32' title='bbox 885 722 1081 780; x_wconf 76' lang='lat' dir='ltr'>dubitationem</span> <span class='ocrx_word' id='word_1_33' title='bbox 1099 721 1258 779; x_wconf 80' lang='lat' dir='ltr'>vocaverim.</span> 
     </span>
     <span class='ocr_line' id='line_1_5' title="bbox 121 800 1258 900; baseline 0.003 -24"><span class='ocrx_word' id='word_1_34' title='bbox 121 800 194 877; x_wconf 68' lang='lat' dir='ltr'>darii</span> <span class='ocrx_word' id='word_1_35' title='bbox 209 816 328 896; x_wconf 79' lang='lat' dir='ltr'>priruum</span> <span class='ocrx_word' id='word_1_36' title='bbox 359 840 434 896; x_wconf 78' lang='lat' dir='ltr'>qaaere</span> <span class='ocrx_word' id='word_1_37' title='bbox 460 824 550 880; x_wconf 86' lang='lat' dir='ltr'>minus</span> <span class='ocrx_word' id='word_1_38' title='bbox 578 835 650 881; x_wconf 87' lang='lat' dir='ltr'>recte</span> <span class='ocrx_word' id='word_1_39' title='bbox 679 825 711 881; x_wconf 90' lang='lat' dir='ltr'>ad</span> <span class='ocrx_word' id='word_1_40' title='bbox 746 824 935 900; x_wconf 80' lang='lat' dir='ltr'>praecedentia</span> <span class='ocrx_word' id='word_1_41' title='bbox 962 825 1094 887; x_wconf 81' lang='lat' dir='ltr'>refertur,</span> <span class='ocrx_word' id='word_1_42' title='bbox 1127 833 1155 881; x_wconf 90' lang='lat' dir='ltr'>ct</span> <span class='ocrx_word' id='word_1_43' title='bbox 1184 823 1258 898; x_wconf 86' lang='lat' dir='ltr'>quod</span> 
     </span>
     <span class='ocr_line' id='line_1_6' title="bbox 121 923 1258 1000; baseline 0.003 -22"><span class='ocrx_word' id='word_1_44' title='bbox 121 923 184 980; x_wconf 92' lang='lat' dir='ltr'>olim</span> <span class='ocrx_word' id='word_1_45' title='bbox 205 925 340 987; x_wconf 88' lang='lat' dir='ltr'>contendi,</span> <span class='ocrx_word' id='word_1_46' title='bbox 366 925 498 1000; x_wconf 89' lang='lat' dir='ltr'>pluralem</span> <span class='ocrx_word' id='word_1_47' title='bbox 519 943 574 983; x_wconf 91' lang='lat' dir='ltr'>uon</span> <span class='ocrx_word' id='word_1_48' title='bbox 593 927 626 982; x_wconf 92' lang='lat' dir='ltr'>ad</span> <span class='ocrx_word' id='word_1_49' title='bbox 651 926 740 983; x_wconf 88' lang='lat' dir='ltr'>voltus</span> <span class='ocrx_word' id='word_1_50' title='bbox 763 935 867 983; x_wconf 91' lang='lat' dir='ltr'>tantum</span> <span class='ocrx_word' id='word_1_51' title='bbox 887 928 1039 989; x_wconf 85' lang='lat' dir='ltr'>varietates,</span> <span class='ocrx_word' id='word_1_52' title='bbox 1061 935 1103 982; x_wconf 89' lang='lat' dir='ltr'>set</span> <span class='ocrx_word' id='word_1_53' title='bbox 1123 927 1204 983; x_wconf 88' lang='lat' dir='ltr'>etiam</span> <span class='ocrx_word' id='word_1_54' title='bbox 1225 925 1258 982; x_wconf 92' lang='lat' dir='ltr'>ad</span> 
     </span>
     <span class='ocr_line' id='line_1_7' title="bbox 120 1026 1257 1103; baseline 0.002 -22"><span class='ocrx_word' id='word_1_55' title='bbox 120 1027 266 1082; x_wconf 79' lang='lat' dir='ltr'>aurisonum</span> <span class='ocrx_word' id='word_1_56' title='bbox 288 1026 469 1085; x_wconf 89' lang='lat' dir='ltr'>adhibitioues</span> <span class='ocrx_word' id='word_1_57' title='bbox 490 1037 571 1102; x_wconf 85' lang='lat' dir='ltr'>atque</span> <span class='ocrx_word' id='word_1_58' title='bbox 592 1028 759 1085; x_wconf 85' lang='lat' dir='ltr'>remotiones</span> <span class='ocrx_word' id='word_1_59' title='bbox 772 1037 903 1103; x_wconf 87' lang='lat' dir='ltr'>spectare,</span> <span class='ocrx_word' id='word_1_60' title='bbox 923 1028 948 1084; x_wconf 92' lang='lat' dir='ltr'>id</span> <span class='ocrx_word' id='word_1_61' title='bbox 962 1046 995 1085; x_wconf 92' lang='lat' dir='ltr'>eo</span> <span class='ocrx_word' id='word_1_62' title='bbox 1020 1028 1095 1103; x_wconf 82' lang='lat' dir='ltr'>quod</span> <span class='ocrx_word' id='word_1_63' title='bbox 1112 1027 1191 1084; x_wconf 82' lang='lat' dir='ltr'>verim</span> <span class='ocrx_word' id='word_1_64' title='bbox 1214 1034 1257 1083; x_wconf 91' lang='lat' dir='ltr'>ta·</span> 
     </span>
     <span class='ocr_line' id='line_1_8' title="bbox 119 1128 1258 1204; baseline 0.004 -21"><span class='ocrx_word' id='word_1_65' title='bbox 119 1134 199 1184; x_wconf 80' lang='lat' dir='ltr'>cente</span> <span class='ocrx_word' id='word_1_66' title='bbox 221 1129 285 1200; x_wconf 85' lang='lat' dir='ltr'>ipso</span> <span class='ocrx_word' id='word_1_67' title='bbox 299 1130 423 1186; x_wconf 87' lang='lat' dir='ltr'>adiuncta</span> <span class='ocrx_word' id='word_1_68' title='bbox 446 1139 517 1193; x_wconf 90' lang='lat' dir='ltr'>sunt,</span> <span class='ocrx_word' id='word_1_69' title='bbox 539 1148 654 1204; x_wconf 84' lang='lat' dir='ltr'>prorsus</span> <span class='ocrx_word' id='word_1_70' title='bbox 677 1130 820 1187; x_wconf 80' lang='lat' dir='ltr'>refutatur.</span> <span class='ocrx_word' id='word_1_71' title='bbox 861 1128 909 1186; x_wconf 88' lang='lat' dir='ltr'>Set</span> <span class='ocrx_word' id='word_1_72' title='bbox 929 1128 1077 1203; x_wconf 80' lang='lat' dir='ltr'>largiamur</span> <span class='ocrx_word' id='word_1_73' title='bbox 1091 1128 1258 1189; x_wconf 89' lang='lat' dir='ltr'>Sallustium.</span> 
     </span>
     <span class='ocr_line' id='line_1_9' title="bbox 119 1204 1258 1306; baseline 0.001 -21"><span class='ocrx_word' id='word_1_74' title='bbox 119 1229 246 1303; x_wconf 84' lang='lat' dir='ltr'>quoniam</span> <span class='ocrx_word' id='word_1_75' title='bbox 274 1231 303 1287; x_wconf 93' lang='lat' dir='ltr'>iu</span> <span class='ocrx_word' id='word_1_76' title='bbox 330 1249 453 1304; x_wconf 86' lang='lat' dir='ltr'>corpore</span> <span class='ocrx_word' id='word_1_77' title='bbox 475 1235 574 1290; x_wconf 65' lang='lat' dir='ltr'>eamus</span> <span class='ocrx_word' id='word_1_78' title='bbox 601 1233 665 1289; x_wconf 88' lang='lat' dir='ltr'>insit</span> <span class='ocrx_word' id='word_1_79' title='bbox 689 1233 765 1289; x_wconf 90' lang='lat' dir='ltr'>notio</span> <span class='ocrx_word' id='word_1_80' title='bbox 792 1230 918 1306; x_wconf 91' lang='lat' dir='ltr'>pluralis,</span> <span class='ocrx_word' id='word_1_81' title='bbox 933 1204 1036 1289; x_wconf 52' lang='lat' dir='ltr'>‘varios</span> <span class='ocrx_word' id='word_1_82' title='bbox 1062 1239 1156 1306; x_wconf 71' lang='lat' dir='ltr'>gestus</span> <span class='ocrx_word' id='word_1_83' title='bbox 1177 1239 1258 1306; x_wconf 90' lang='lat' dir='ltr'>atque</span> 
     </span>
     <span class='ocr_line' id='line_1_10' title="bbox 118 1330 1259 1408; baseline 0.003 -22"><span class='ocrx_word' id='word_1_84' title='bbox 118 1330 226 1388; x_wconf 81' lang='lat' dir='ltr'>ltaltitns</span> <span class='ocrx_word' id='word_1_85' title='bbox 248 1334 374 1407; x_wconf 89' lang='lat' dir='ltr'>corporis</span> <span class='ocrx_word' id='word_1_86' title='bbox 397 1335 552 1396; x_wconf 86' lang='lat' dir='ltr'>ostendens,</span> <span class='ocrx_word' id='word_1_87' title='bbox 572 1350 647 1407; x_wconf 83' lang='lat' dir='ltr'>qnae</span> <span class='ocrx_word' id='word_1_88' title='bbox 670 1342 744 1391; x_wconf 89' lang='lat' dir='ltr'>recte</span> <span class='ocrx_word' id='word_1_89' title='bbox 763 1333 872 1397; x_wconf 78' lang='lat' dir='ltr'>dixisse,</span> <span class='ocrx_word' id='word_1_90' title='bbox 895 1332 1043 1408; x_wconf 77' lang='lat' dir='ltr'>largiamur</span> <span class='ocrx_word' id='word_1_91' title='bbox 1063 1335 1172 1390; x_wconf 87' lang='lat' dir='ltr'>scilicet</span> <span class='ocrx_word' id='word_1_92' title='bbox 1185 1342 1259 1390; x_wconf 89' lang='lat' dir='ltr'>recte</span> 
     </span>
     <span class='ocr_line' id='line_1_11' title="bbox 117 1433 1259 1511; baseline 0.004 -24"><span class='ocrx_word' id='word_1_93' title='bbox 117 1434 187 1507; x_wconf 89' lang='lat' dir='ltr'>apud</span> <span class='ocrx_word' id='word_1_94' title='bbox 210 1433 362 1507; x_wconf 73' lang='lat' dir='ltr'>elegantem</span> <span class='ocrx_word' id='word_1_95' title='bbox 383 1437 544 1511; x_wconf 80' lang='lat' dir='ltr'>scriptorem</span> <span class='ocrx_word' id='word_1_96' title='bbox 570 1454 631 1493; x_wconf 86' lang='lat' dir='ltr'>cum</span> <span class='ocrx_word' id='word_1_97' title='bbox 651 1454 704 1493; x_wconf 87' lang='lat' dir='ltr'>acc.</span> <span class='ocrx_word' id='word_1_98' title='bbox 734 1444 762 1492; x_wconf 87' lang='lat' dir='ltr'>et</span> <span class='ocrx_word' id='word_1_99' title='bbox 791 1436 837 1492; x_wconf 89' lang='lat' dir='ltr'>inl.</span> <span class='ocrx_word' id='word_1_100' title='bbox 864 1436 1039 1493; x_wconf 87' lang='lat' dir='ltr'>coniunctum</span> <span class='ocrx_word' id='word_1_101' title='bbox 1066 1452 1140 1497; x_wconf 90' lang='lat' dir='ltr'>esse,</span> <span class='ocrx_word' id='word_1_102' title='bbox 1167 1452 1259 1508; x_wconf 85' lang='lat' dir='ltr'>quam·</span> 
     </span>
     <span class='ocr_line' id='line_1_12' title="bbox 118 1536 1259 1613; baseline 0.001 -22"><span class='ocrx_word' id='word_1_103' title='bbox 118 1552 197 1608; x_wconf 84' lang='lat' dir='ltr'>quant</span> <span class='ocrx_word' id='word_1_104' title='bbox 219 1536 370 1611; x_wconf 86' lang='lat' dir='ltr'>exemplum</span> <span class='ocrx_word' id='word_1_105' title='bbox 393 1538 452 1595; x_wconf 90' lang='lat' dir='ltr'>eius</span> <span class='ocrx_word' id='word_1_106' title='bbox 474 1538 687 1595; x_wconf 79' lang='lat' dir='ltr'>constructionis</span> <span class='ocrx_word' id='word_1_107' title='bbox 709 1538 765 1610; x_wconf 78' lang='lat' dir='ltr'>lug.</span> <span class='ocrx_word' id='word_1_108' title='bbox 790 1545 849 1602; x_wconf 77' lang='lat'>102,</span> <span class='ocrx_word' id='word_1_109' title='bbox 865 1546 882 1600; x_wconf 87' lang='lat'><strong>9</strong></span> <span class='ocrx_word' id='word_1_110' title='bbox 901 1537 953 1594; x_wconf 92' lang='lat' dir='ltr'>iam</span> <span class='ocrx_word' id='word_1_111' title='bbox 977 1548 1152 1613; x_wconf 89' lang='lat' dir='ltr'>optumarum</span> <span class='ocrx_word' id='word_1_112' title='bbox 1173 1536 1259 1593; x_wconf 87' lang='lat' dir='ltr'>libro·</span> 
     </span>
     <span class='ocr_line' id='line_1_13' title="bbox 117 1619 1257 1703; baseline -0.001 -9"><span class='ocrx_word' id='word_1_113' title='bbox 117 1654 176 1694; x_wconf 88' lang='lat' dir='ltr'>rum</span> <span class='ocrx_word' id='word_1_114' title='bbox 203 1639 368 1696; x_wconf 90' lang='lat' dir='ltr'>auctoritate</span> <span class='ocrx_word' id='word_1_115' title='bbox 396 1658 427 1698; x_wconf 88' lang='lat' dir='ltr'>aa</span> <span class='ocrx_word' id='word_1_116' title='bbox 454 1640 505 1696; x_wconf 80' lang='lat' dir='ltr'>stile</span> <span class='ocrx_word' id='word_1_117' title='bbox 528 1649 662 1697; x_wconf 89' lang='lat' dir='ltr'>renmtum</span> <span class='ocrx_word' id='word_1_118' title='bbox 691 1648 719 1697; x_wconf 89' lang='lat' dir='ltr'>et</span> <span class='ocrx_word' id='word_1_119' title='bbox 743 1640 786 1697; x_wconf 84' lang='lat' dir='ltr'>Fr.</span> <span class='ocrx_word' id='word_1_120' title='bbox 809 1619 819 1694; x_wconf 88' lang='lat' dir='ltr'>l</span> <span class='ocrx_word' id='word_1_121' title='bbox 840 1646 888 1703; x_wconf 80' lang='lat'>47,</span> <span class='ocrx_word' id='word_1_122' title='bbox 907 1649 923 1700; x_wconf 86' lang='lat'>5</span> <span class='ocrx_word' id='word_1_123' title='bbox 950 1657 983 1696; x_wconf 87' lang='lat' dir='ltr'>co</span> <span class='ocrx_word' id='word_1_124' title='bbox 1005 1641 1113 1697; x_wconf 83' lang='lat' dir='ltr'>trontioc</span> <span class='ocrx_word' id='word_1_125' title='bbox 1136 1639 1169 1696; x_wconf 88' lang='lat' dir='ltr'>ab</span> <span class='ocrx_word' id='word_1_126' title='bbox 1190 1640 1216 1695; x_wconf 91' lang='lat' dir='ltr'>lr.</span> <span class='ocrx_word' id='word_1_127' title='bbox 1241 1638 1257 1694; x_wconf 84' lang='lat' dir='ltr'>l.</span> 
     </span>
     <span class='ocr_line' id='line_1_14' title="bbox 115 1739 1257 1816; baseline 0.003 -22"><span class='ocrx_word' id='word_1_128' title='bbox 115 1739 255 1797; x_wconf 71' lang='lat' dir='ltr'>divorsum</span> <span class='ocrx_word' id='word_1_129' title='bbox 274 1749 325 1804; x_wconf 87' lang='lat' dir='ltr'>est.</span> <span class='ocrx_word' id='word_1_130' title='bbox 349 1742 420 1816; x_wconf 85' lang='lat' dir='ltr'>quod</span> <span class='ocrx_word' id='word_1_131' title='bbox 444 1742 481 1797; x_wconf 79' lang='lat' dir='ltr'>itt</span> <span class='ocrx_word' id='word_1_132' title='bbox 504 1742 653 1799; x_wconf 85' lang='lat' dir='ltr'>membrum</span> <span class='ocrx_word' id='word_1_133' title='bbox 672 1752 714 1799; x_wconf 92' lang='lat' dir='ltr'>est</span> <span class='ocrx_word' id='word_1_134' title='bbox 735 1759 789 1799; x_wconf 91' lang='lat' dir='ltr'>nou</span> <span class='ocrx_word' id='word_1_135' title='bbox 812 1741 932 1815; x_wconf 79' lang='lat' dir='ltr'>peneleus</span> <span class='ocrx_word' id='word_1_136' title='bbox 954 1750 996 1798; x_wconf 87' lang='lat' dir='ltr'>set</span> <span class='ocrx_word' id='word_1_137' title='bbox 1015 1741 1146 1798; x_wconf 84' lang='lat' dir='ltr'>liberunt:</span> <span class='ocrx_word' id='word_1_138' title='bbox 1168 1757 1257 1798; x_wconf 89' lang='lat' dir='ltr'>nonne</span> 
     </span>
     <span class='ocr_line' id='line_1_15' title="bbox 117 1842 1258 1919; baseline 0.002 -23"><span class='ocrx_word' id='word_1_139' title='bbox 117 1859 186 1916; x_wconf 75' lang='lat' dir='ltr'>tpuae</span> <span class='ocrx_word' id='word_1_140' title='bbox 213 1852 256 1899; x_wconf 86' lang='lat' dir='ltr'>est</span> <span class='ocrx_word' id='word_1_141' title='bbox 283 1843 311 1899; x_wconf 91' lang='lat' dir='ltr'>in</span> <span class='ocrx_word' id='word_1_142' title='bbox 336 1843 413 1900; x_wconf 85' lang='lat' dir='ltr'>libris</span> <span class='ocrx_word' id='word_1_143' title='bbox 441 1844 638 1919; x_wconf 85' lang='lat' dir='ltr'>discrepantia,</span> <span class='ocrx_word' id='word_1_144' title='bbox 667 1863 698 1901; x_wconf 93' lang='lat' dir='ltr'>ac</span> <span class='ocrx_word' id='word_1_145' title='bbox 722 1861 844 1900; x_wconf 79' lang='lat' dir='ltr'>maxume</span> <span class='ocrx_word' id='word_1_146' title='bbox 873 1842 1065 1918; x_wconf 88' lang='lat' dir='ltr'>interpositum</span> <span class='ocrx_word' id='word_1_147' title='bbox 1088 1843 1116 1898; x_wconf 90' lang='lat' dir='ltr'>in</span> <span class='ocrx_word' id='word_1_148' title='bbox 1138 1842 1258 1916; x_wconf 90' lang='lat' dir='ltr'>optumis</span> 
     </span>
     <span class='ocr_line' id='line_1_16' title="bbox 114 1943 1257 2021; baseline 0.002 -23"><span class='ocrx_word' id='word_1_149' title='bbox 114 1946 156 1999; x_wconf 85' lang='lat' dir='ltr'>ita</span> <span class='ocrx_word' id='word_1_150' title='bbox 177 1945 360 2019; x_wconf 80' lang='lat' dir='ltr'>suspicionem</span> <span class='ocrx_word' id='word_1_151' title='bbox 382 1947 508 2003; x_wconf 81' lang='lat' dir='ltr'>raroveutl</span> <span class='ocrx_word' id='word_1_152' title='bbox 548 1945 656 2003; x_wconf 85' lang='lat' dir='ltr'>Scilicet</span> <span class='ocrx_word' id='word_1_153' title='bbox 678 1945 812 2021; x_wconf 87' lang='lat' dir='ltr'>duplicem</span> <span class='ocrx_word' id='word_1_154' title='bbox 835 1946 947 2020; x_wconf 88' lang='lat' dir='ltr'>adparet</span> <span class='ocrx_word' id='word_1_155' title='bbox 973 1945 1057 2001; x_wconf 89' lang='lat' dir='ltr'>luisse</span> <span class='ocrx_word' id='word_1_156' title='bbox 1080 1943 1257 2018; x_wconf 87' lang='lat' dir='ltr'>scripturam:</span> 
     </span>
     <span class='ocr_line' id='line_1_17' title="bbox 114 2047 1258 2129; baseline -0.002 -27"><span class='ocrx_word' id='word_1_157' title='bbox 114 2061 190 2129; x_wconf 72' lang='lat' dir='ltr'>quae</span> <span class='ocrx_word' id='word_1_158' title='bbox 210 2049 320 2104; x_wconf 87' lang='lat' dir='ltr'>seilicet</span> <span class='ocrx_word' id='word_1_159' title='bbox 342 2055 453 2104; x_wconf 85' lang='lat' dir='ltr'>tacente</span> <span class='ocrx_word' id='word_1_160' title='bbox 474 2079 517 2089; x_wconf 90' lang='lat'><em>-</em></span> <span class='ocrx_word' id='word_1_161' title='bbox 534 2047 711 2121; x_wconf 74' lang='lat' dir='ltr'>patefecisse</span> <span class='ocrx_word' id='word_1_162' title='bbox 738 2056 766 2104; x_wconf 87' lang='lat' dir='ltr'>et</span> <span class='ocrx_word' id='word_1_163' title='bbox 785 2049 893 2104; x_wconf 82' lang='lat' dir='ltr'>scilieet</span> <span class='ocrx_word' id='word_1_164' title='bbox 914 2048 955 2103; x_wconf 84' lang='lat' dir='ltr'>ita</span> <span class='ocrx_word' id='word_1_165' title='bbox 976 2052 1087 2104; x_wconf 82' lang='lat' dir='ltr'>tacente</span> <span class='ocrx_word' id='word_1_166' title='bbox 1114 2076 1157 2084; x_wconf 98' lang='lat'><em>-</em></span> <span class='ocrx_word' id='word_1_167' title='bbox 1175 2051 1258 2116; x_wconf 86' lang='lat' dir='ltr'>pote-</span> 
     </span>
     <span class='ocr_line' id='line_1_18' title="bbox 111 2146 1258 2226; baseline -0.001 -23"><span class='ocrx_word' id='word_1_168' title='bbox 111 2148 236 2220; x_wconf 80' lang='lat' dir='ltr'>secisse:</span> <span class='ocrx_word' id='word_1_169' title='bbox 264 2167 333 2223; x_wconf 86' lang='lat' dir='ltr'>quae</span> <span class='ocrx_word' id='word_1_170' title='bbox 364 2150 544 2226; x_wconf 90' lang='lat' dir='ltr'>discrepantia</span> <span class='ocrx_word' id='word_1_171' title='bbox 573 2167 662 2207; x_wconf 90' lang='lat' dir='ltr'>trottue</span> <span class='ocrx_word' id='word_1_172' title='bbox 692 2149 826 2224; x_wconf 78' lang='lat' dir='ltr'>glossema</span> <span class='ocrx_word' id='word_1_173' title='bbox 854 2148 920 2205; x_wconf 83' lang='lat' dir='ltr'>liaeo</span> <span class='ocrx_word' id='word_1_174' title='bbox 941 2147 1020 2205; x_wconf 86' lang='lat' dir='ltr'>verba</span> <span class='ocrx_word' id='word_1_175' title='bbox 1040 2146 1125 2204; x_wconf 89' lang='lat' dir='ltr'>luisse</span> <span class='ocrx_word' id='word_1_176' title='bbox 1149 2146 1258 2220; x_wconf 76' lang='lat' dir='ltr'>arguit?</span> 
     </span>
     <span class='ocr_line' id='line_1_19' title="bbox 115 2249 1257 2326; baseline 0 -21"><span class='ocrx_word' id='word_1_177' title='bbox 115 2250 236 2325; x_wconf 56' lang='lat' dir='ltr'>lenique</span> <span class='ocrx_word' id='word_1_178' title='bbox 260 2268 324 2306; x_wconf 91' lang='lat' dir='ltr'>num</span> <span class='ocrx_word' id='word_1_179' title='bbox 345 2252 418 2315; x_wconf 91' lang='lat' dir='ltr'>eius,</span> <span class='ocrx_word' id='word_1_180' title='bbox 447 2252 493 2326; x_wconf 92' lang='lat' dir='ltr'>qui</span> <span class='ocrx_word' id='word_1_181' title='bbox 521 2252 670 2325; x_wconf 80' lang='lat' dir='ltr'>ingeniosis</span> <span class='ocrx_word' id='word_1_182' title='bbox 699 2261 727 2308; x_wconf 92' lang='lat' dir='ltr'>ct</span> <span class='ocrx_word' id='word_1_183' title='bbox 753 2251 868 2309; x_wconf 87' lang='lat' dir='ltr'>eruditis</span> <span class='ocrx_word' id='word_1_184' title='bbox 891 2249 1047 2307; x_wconf 87' lang='lat' dir='ltr'>hominibus</span> <span class='ocrx_word' id='word_1_185' title='bbox 1068 2249 1184 2313; x_wconf 82' lang='lat' dir='ltr'>scribat,</span> <span class='ocrx_word' id='word_1_186' title='bbox 1206 2257 1257 2312; x_wconf 89' lang='lat' dir='ltr'>est,</span> 
     </span>
     <span class='ocr_line' id='line_1_20' title="bbox 113 2351 1180 2427; baseline -0.003 -18"><span class='ocrx_word' id='word_1_187' title='bbox 113 2360 146 2409; x_wconf 90' lang='lat' dir='ltr'>ut</span> <span class='ocrx_word' id='word_1_188' title='bbox 166 2369 235 2426; x_wconf 76' lang='lat' dir='ltr'>ottae</span> <span class='ocrx_word' id='word_1_189' title='bbox 257 2351 376 2410; x_wconf 89' lang='lat' dir='ltr'>lectores</span> <span class='ocrx_word' id='word_1_190' title='bbox 399 2354 450 2427; x_wconf 86' lang='lat' dir='ltr'>ipsi</span> <span class='ocrx_word' id='word_1_191' title='bbox 475 2353 640 2412; x_wconf 87' lang='lat' dir='ltr'>intellecturi</span> <span class='ocrx_word' id='word_1_192' title='bbox 663 2354 727 2416; x_wconf 88' lang='lat' dir='ltr'>siut,</span> <span class='ocrx_word' id='word_1_193' title='bbox 750 2372 781 2410; x_wconf 91' lang='lat' dir='ltr'>ea</span> <span class='ocrx_word' id='word_1_194' title='bbox 802 2353 862 2409; x_wconf 91' lang='lat' dir='ltr'>luse</span> <span class='ocrx_word' id='word_1_195' title='bbox 882 2369 913 2409; x_wconf 90' lang='lat' dir='ltr'>ae</span> <span class='ocrx_word' id='word_1_196' title='bbox 929 2351 1041 2426; x_wconf 90' lang='lat' dir='ltr'>copiose</span> <span class='ocrx_word' id='word_1_197' title='bbox 1062 2351 1180 2409; x_wconf 84' lang='lat' dir='ltr'>doceat?</span> 
     </span>
     <span class='ocr_line' id='line_1_21' title="bbox 200 2452 1280 2530; baseline 0.001 -22"><span class='ocrx_word' id='word_1_198' title='bbox 200 2453 258 2528; x_wconf 79' lang='lat' dir='ltr'>lug.</span> <span class='ocrx_word' id='word_1_199' title='bbox 283 2462 348 2518; x_wconf 72' lang='lat'>114,</span> <span class='ocrx_word' id='word_1_200' title='bbox 371 2462 388 2514; x_wconf 75' lang='lat'><strong>2</strong></span> <span class='ocrx_word' id='word_1_201' title='bbox 413 2457 511 2528; x_wconf 78' lang='lat' dir='ltr'>illique</span> <span class='ocrx_word' id='word_1_202' title='bbox 538 2457 604 2513; x_wconf 88' lang='lat' dir='ltr'>lerri</span> <span class='ocrx_word' id='word_1_203' title='bbox 631 2474 686 2512; x_wconf 91' lang='lat' dir='ltr'>uon</span> <span class='ocrx_word' id='word_1_204' title='bbox 714 2474 810 2530; x_wconf 87' lang='lat' dir='ltr'>posse.</span> <span class='ocrx_word' id='word_1_205' title='bbox 838 2454 891 2512; x_wconf 90' lang='lat' dir='ltr'>nisi</span> <span class='ocrx_word' id='word_1_206' title='bbox 914 2453 959 2528; x_wconf 86' lang='lat' dir='ltr'>qui</span> <span class='ocrx_word' id='word_1_207' title='bbox 981 2462 1108 2510; x_wconf 88' lang='lat' dir='ltr'>contorta</span> <span class='ocrx_word' id='word_1_208' title='bbox 1128 2452 1280 2511; x_wconf 82' lang='lat' dir='ltr'>Sallustio.</span> 
     </span>
     <span class='ocr_line' id='line_1_22' title="bbox 112 2554 1257 2631; baseline 0 -20"><span class='ocrx_word' id='word_1_209' title='bbox 112 2573 196 2631; x_wconf 78' lang='lat' dir='ltr'>quam</span> <span class='ocrx_word' id='word_1_210' title='bbox 219 2555 301 2631; x_wconf 90' lang='lat' dir='ltr'>plaua</span> <span class='ocrx_word' id='word_1_211' title='bbox 325 2557 445 2613; x_wconf 84' lang='lat' dir='ltr'>tribuere</span> <span class='ocrx_word' id='word_1_212' title='bbox 468 2557 557 2621; x_wconf 86' lang='lat' dir='ltr'>uralit,</span> <span class='ocrx_word' id='word_1_213' title='bbox 582 2576 661 2615; x_wconf 90' lang='lat' dir='ltr'>uerno</span> <span class='ocrx_word' id='word_1_214' title='bbox 683 2577 737 2614; x_wconf 91' lang='lat' dir='ltr'>uou</span> <span class='ocrx_word' id='word_1_215' title='bbox 759 2558 898 2615; x_wconf 83' lang='lat' dir='ltr'>concedet.</span> <span class='ocrx_word' id='word_1_216' title='bbox 930 2555 1049 2612; x_wconf 81' lang='lat' dir='ltr'>liritzius</span> <span class='ocrx_word' id='word_1_217' title='bbox 1070 2557 1174 2628; x_wconf 80' lang='lat' dir='ltr'>ibique,</span> <span class='ocrx_word' id='word_1_218' title='bbox 1195 2554 1257 2611; x_wconf 88' lang='lat' dir='ltr'>Lin-</span> 
     </span>
     <span class='ocr_line' id='line_1_23' title="bbox 112 2658 1256 2735; baseline 0.001 -21"><span class='ocrx_word' id='word_1_219' title='bbox 112 2658 198 2715; x_wconf 78' lang='lat' dir='ltr'>kcrus</span> <span class='ocrx_word' id='word_1_220' title='bbox 219 2661 329 2715; x_wconf 84' lang='lat' dir='ltr'>scilicet</span> <span class='ocrx_word' id='word_1_221' title='bbox 348 2659 472 2733; x_wconf 86' lang='lat' dir='ltr'>scripsit,</span> <span class='ocrx_word' id='word_1_222' title='bbox 497 2677 565 2733; x_wconf 89' lang='lat' dir='ltr'>quac</span> <span class='ocrx_word' id='word_1_223' title='bbox 595 2670 740 2735; x_wconf 84' lang='lat' dir='ltr'>propterea</span> <span class='ocrx_word' id='word_1_224' title='bbox 760 2658 871 2735; x_wconf 84' lang='lat' dir='ltr'>probari</span> <span class='ocrx_word' id='word_1_225' title='bbox 893 2676 948 2715; x_wconf 89' lang='lat' dir='ltr'>non</span> <span class='ocrx_word' id='word_1_226' title='bbox 970 2666 1100 2733; x_wconf 87' lang='lat' dir='ltr'>possunt,</span> <span class='ocrx_word' id='word_1_227' title='bbox 1130 2658 1256 2731; x_wconf 85' lang='lat' dir='ltr'>quoniam</span> 
     </span>
     <span class='ocr_line' id='line_1_24' title="bbox 110 2756 1255 2837; baseline 0 -24"><span class='ocrx_word' id='word_1_228' title='bbox 110 2760 208 2816; x_wconf 81' lang='lat' dir='ltr'>vitium</span> <span class='ocrx_word' id='word_1_229' title='bbox 236 2761 370 2817; x_wconf 90' lang='lat' dir='ltr'>orationis</span> <span class='ocrx_word' id='word_1_230' title='bbox 407 2770 542 2825; x_wconf 88' lang='lat' dir='ltr'>remanet,</span> <span class='ocrx_word' id='word_1_231' title='bbox 577 2765 643 2819; x_wconf 85' lang='lat' dir='ltr'>inde</span> <span class='ocrx_word' id='word_1_232' title='bbox 679 2780 733 2819; x_wconf 91' lang='lat' dir='ltr'>nou</span> <span class='ocrx_word' id='word_1_233' title='bbox 765 2778 929 2837; x_wconf 83' lang='lat' dir='ltr'>praegresso</span> <span class='ocrx_word' id='word_1_234' title='bbox 961 2762 1019 2816; x_wconf 85' lang='lat' dir='ltr'>iam</span> <span class='ocrx_word' id='word_1_235' title='bbox 1053 2759 1155 2815; x_wconf 81' lang='lat' dir='ltr'>(lictum</span> <span class='ocrx_word' id='word_1_236' title='bbox 1187 2756 1255 2831; x_wconf 87' lang='lat' dir='ltr'>(rid.</span> 
     </span>
     <span class='ocr_line' id='line_1_25' title="bbox 109 2860 1255 2938; baseline 0.001 -22"><span class='ocrx_word' id='word_1_237' title='bbox 109 2860 192 2917; x_wconf 83' lang='lat' dir='ltr'>lilota</span> <span class='ocrx_word' id='word_1_238' title='bbox 214 2862 246 2917; x_wconf 86' lang='lat' dir='ltr'>ad</span> <span class='ocrx_word' id='word_1_239' title='bbox 266 2863 385 2919; x_wconf 88' lang='lat' dir='ltr'>Siutcuis</span> <span class='ocrx_word' id='word_1_240' title='bbox 407 2881 433 2938; x_wconf 93' lang='lat' dir='ltr'>p.</span> <span class='ocrx_word' id='word_1_241' title='bbox 459 2871 508 2923; x_wconf 73' lang='lat'>105</span> <span class='ocrx_word' id='word_1_242' title='bbox 530 2871 557 2919; x_wconf 93' lang='lat' dir='ltr'>ct</span> <span class='ocrx_word' id='word_1_243' title='bbox 580 2863 648 2937; x_wconf 79' lang='lat'>15¹2).</span> <span class='ocrx_word' id='word_1_244' title='bbox 690 2864 831 2921; x_wconf 85' lang='lat' dir='ltr'>Rationem</span> <span class='ocrx_word' id='word_1_245' title='bbox 853 2863 1011 2920; x_wconf 80' lang='lat' dir='ltr'>cotendendi</span> <span class='ocrx_word' id='word_1_246' title='bbox 1031 2861 1159 2924; x_wconf 90' lang='lat' dir='ltr'>ostendit,</span> <span class='ocrx_word' id='word_1_247' title='bbox 1183 2861 1255 2935; x_wconf 85' lang='lat' dir='ltr'>quod</span> 
     </span>
     <span class='ocr_line' id='line_1_26' title="bbox 108 2961 1258 3041; baseline 0.002 -23"><span class='ocrx_word' id='word_1_248' title='bbox 108 2964 138 3019; x_wconf 89' lang='lat' dir='ltr'>in</span> <span class='ocrx_word' id='word_1_249' title='bbox 158 2961 231 3019; x_wconf 79' lang='lat' dir='ltr'>lilsro</span> <span class='ocrx_word' id='word_1_250' title='bbox 252 2974 373 3021; x_wconf 87' lang='lat' dir='ltr'>ceterum</span> <span class='ocrx_word' id='word_1_251' title='bbox 397 2982 451 3021; x_wconf 92' lang='lat' dir='ltr'>non</span> <span class='ocrx_word' id='word_1_252' title='bbox 473 2974 600 3040; x_wconf 86' lang='lat' dir='ltr'>optumae</span> <span class='ocrx_word' id='word_1_253' title='bbox 625 2973 706 3022; x_wconf 85' lang='lat' dir='ltr'>notae</span> <span class='ocrx_word' id='word_1_254' title='bbox 733 2966 865 3041; x_wconf 90' lang='lat' dir='ltr'>scriptum</span> <span class='ocrx_word' id='word_1_255' title='bbox 893 2974 936 3022; x_wconf 91' lang='lat' dir='ltr'>cst</span> <span class='ocrx_word' id='word_1_256' title='bbox 960 2966 1103 3037; x_wconf 84' lang='lat' dir='ltr'>illincque.</span> <span class='ocrx_word' id='word_1_257' title='bbox 1149 2961 1258 3020; x_wconf 87' lang='lat' dir='ltr'>Scilicet</span> 
     </span>
     <span class='ocr_line' id='line_1_27' title="bbox 109 3064 1256 3141; baseline -0.003 -19"><span class='ocrx_word' id='word_1_258' title='bbox 109 3065 261 3139; x_wconf 82' lang='lat' dir='ltr'>scripserat</span> <span class='ocrx_word' id='word_1_259' title='bbox 283 3065 348 3121; x_wconf 84' lang='lat' dir='ltr'>Sall.</span> <span class='ocrx_word' id='word_1_260' title='bbox 374 3068 515 3139; x_wconf 83' lang='lat' dir='ltr'>illimqae,</span> <span class='ocrx_word' id='word_1_261' title='bbox 541 3068 574 3125; x_wconf 94' lang='lat' dir='ltr'>de</span> <span class='ocrx_word' id='word_1_262' title='bbox 603 3085 656 3141; x_wconf 80' lang='lat' dir='ltr'>qua</span> <span class='ocrx_word' id='word_1_263' title='bbox 684 3068 771 3125; x_wconf 87' lang='lat' dir='ltr'>lorma</span> <span class='ocrx_word' id='word_1_264' title='bbox 798 3069 849 3125; x_wconf 89' lang='lat' dir='ltr'>vid.</span> <span class='ocrx_word' id='word_1_265' title='bbox 877 3066 981 3124; x_wconf 87' lang='lat' dir='ltr'>Ritselrl</span> <span class='ocrx_word' id='word_1_266' title='bbox 1008 3066 1075 3122; x_wconf 87' lang='lat' dir='ltr'>llus.</span> <span class='ocrx_word' id='word_1_267' title='bbox 1096 3065 1180 3122; x_wconf 79' lang='lat' dir='ltr'>lllreu.</span> <span class='ocrx_word' id='word_1_268' title='bbox 1201 3064 1256 3120; x_wconf 89' lang='lat' dir='ltr'>Vlll</span> 
     </span>
     <span class='ocr_line' id='line_1_28' title="bbox 108 3165 1255 3240; baseline -0.004 -15"><span class='ocrx_word' id='word_1_269' title='bbox 108 3173 179 3229; x_wconf 75' lang='lat'>472:</span> <span class='ocrx_word' id='word_1_270' title='bbox 200 3167 309 3222; x_wconf 76' lang='lat' dir='ltr'>laclrtn.</span> <span class='ocrx_word' id='word_1_271' title='bbox 333 3168 365 3224; x_wconf 89' lang='lat' dir='ltr'>ad</span> <span class='ocrx_word' id='word_1_272' title='bbox 384 3168 463 3225; x_wconf 90' lang='lat' dir='ltr'>Lucr.</span> <span class='ocrx_word' id='word_1_273' title='bbox 493 3168 514 3224; x_wconf 95' lang='lat' dir='ltr'>ll</span> <span class='ocrx_word' id='word_1_274' title='bbox 538 3178 595 3232; x_wconf 84' lang='lat'>169.</span> <span class='ocrx_word' id='word_1_275' title='bbox 622 3168 654 3224; x_wconf 95' lang='lat' dir='ltr'>lll</span> <span class='ocrx_word' id='word_1_276' title='bbox 675 3176 741 3233; x_wconf 75' lang='lat'><strong>880:</strong></span> <span class='ocrx_word' id='word_1_277' title='bbox 771 3169 888 3226; x_wconf 88' lang='lat' dir='ltr'>Corsseu</span> <span class='ocrx_word' id='word_1_278' title='bbox 917 3169 1047 3226; x_wconf 88' lang='lat' dir='ltr'>Zeitsclrr.</span> <span class='ocrx_word' id='word_1_279' title='bbox 1077 3170 1095 3225; x_wconf 90' lang='lat' dir='ltr'>l.</span> <span class='ocrx_word' id='word_1_280' title='bbox 1122 3168 1147 3223; x_wconf 93' lang='lat' dir='ltr'>d.</span> <span class='ocrx_word' id='word_1_281' title='bbox 1171 3165 1255 3240; x_wconf 80' lang='lat' dir='ltr'>vergl.</span> 
     </span>
     <span class='ocr_line' id='line_1_29' title="bbox 110 3267 1256 3346; baseline 0 -23"><span class='ocrx_word' id='word_1_282' title='bbox 110 3269 254 3343; x_wconf 84' lang='lat' dir='ltr'>Spraclrw.</span> <span class='ocrx_word' id='word_1_283' title='bbox 279 3269 299 3322; x_wconf 83' lang='lat' dir='ltr'>V</span> <span class='ocrx_word' id='word_1_284' title='bbox 322 3276 373 3330; x_wconf 75' lang='lat'>120</span> <span class='ocrx_word' id='word_1_285' title='bbox 391 3289 432 3344; x_wconf 82' lang='lat' dir='ltr'>sq.</span> <span class='ocrx_word' id='word_1_286' title='bbox 471 3271 499 3326; x_wconf 95' lang='lat' dir='ltr'>ld</span> <span class='ocrx_word' id='word_1_287' title='bbox 521 3272 657 3346; x_wconf 87' lang='lat' dir='ltr'>perinde</span> <span class='ocrx_word' id='word_1_288' title='bbox 688 3270 850 3346; x_wconf 81' lang='lat' dir='ltr'>explicatum</span> <span class='ocrx_word' id='word_1_289' title='bbox 877 3280 905 3327; x_wconf 91' lang='lat' dir='ltr'>et</span> <span class='ocrx_word' id='word_1_290' title='bbox 930 3289 991 3328; x_wconf 93' lang='lat' dir='ltr'>cum</span> <span class='ocrx_word' id='word_1_291' title='bbox 1016 3271 1115 3328; x_wconf 88' lang='lat' dir='ltr'>lineola</span> <span class='ocrx_word' id='word_1_292' title='bbox 1141 3267 1256 3344; x_wconf 91' lang='lat' dir='ltr'>superi</span> 
     </span>
     <span class='ocr_line' id='line_1_30' title="bbox 108 3356 1255 3453; baseline -0.001 -27"><span class='ocrx_word' id='word_1_293' title='bbox 108 3370 229 3444; x_wconf 80' lang='lat' dir='ltr'>adpicta,</span> <span class='ocrx_word' id='word_1_294' title='bbox 253 3389 307 3444; x_wconf 79' lang='lat' dir='ltr'>quta</span> <span class='ocrx_word' id='word_1_295' title='bbox 330 3390 356 3426; x_wconf 90' lang='lat' dir='ltr'>m</span> <span class='ocrx_word' id='word_1_296' title='bbox 375 3356 471 3429; x_wconf 81' lang='lat' dir='ltr'>notare</span> <span class='ocrx_word' id='word_1_297' title='bbox 489 3373 614 3453; x_wconf 75' lang='lat' dir='ltr'>solebant</span> <span class='ocrx_word' id='word_1_298' title='bbox 634 3372 752 3436; x_wconf 88' lang='lat' dir='ltr'>librarii,</span> <span class='ocrx_word' id='word_1_299' title='bbox 774 3373 864 3431; x_wconf 88' lang='lat' dir='ltr'>deleta</span> <span class='ocrx_word' id='word_1_300' title='bbox 884 3383 967 3436; x_wconf 90' lang='lat' dir='ltr'>esset,</span> <span class='ocrx_word' id='word_1_301' title='bbox 989 3375 1088 3431; x_wconf 88' lang='lat' dir='ltr'>lactum</span> <span class='ocrx_word' id='word_1_302' title='bbox 1113 3389 1172 3428; x_wconf 88' lang='lat' dir='ltr'>csse</span> <span class='ocrx_word' id='word_1_303' title='bbox 1201 3372 1255 3426; x_wconf 81' lang='lat' dir='ltr'>iili·</span> 
     </span>
     <span class='ocr_line' id='line_1_31' title="bbox 109 3471 1255 3549; baseline 0 -21"><span class='ocrx_word' id='word_1_304' title='bbox 109 3487 167 3544; x_wconf 81' lang='lat' dir='ltr'>qate</span> <span class='ocrx_word' id='word_1_305' title='bbox 189 3480 217 3528; x_wconf 89' lang='lat' dir='ltr'>et</span> <span class='ocrx_word' id='word_1_306' title='bbox 237 3475 413 3544; x_wconf 82' lang='lat' dir='ltr'>incisasque</span> <span class='ocrx_word' id='word_1_307' title='bbox 436 3476 488 3542; x_wconf 87' lang='lat' dir='ltr'>ad,</span> <span class='ocrx_word' id='word_1_308' title='bbox 512 3476 637 3549; x_wconf 89' lang='lat' dir='ltr'>prolecto</span> <span class='ocrx_word' id='word_1_309' title='bbox 660 3476 758 3532; x_wconf 91' lang='lat' dir='ltr'>mirum</span> <span class='ocrx_word' id='word_1_310' title='bbox 783 3494 837 3532; x_wconf 88' lang='lat' dir='ltr'>nou</span> <span class='ocrx_word' id='word_1_311' title='bbox 858 3485 908 3533; x_wconf 90' lang='lat' dir='ltr'>cst.</span> <span class='ocrx_word' id='word_1_312' title='bbox 940 3506 977 3516; x_wconf 97' lang='lat'>-</span> <span class='ocrx_word' id='word_1_313' title='bbox 1008 3475 1036 3532; x_wconf 90' lang='lat' dir='ltr'>lo</span> <span class='ocrx_word' id='word_1_314' title='bbox 1059 3475 1117 3549; x_wconf 91' lang='lat' dir='ltr'>ipsa</span> <span class='ocrx_word' id='word_1_315' title='bbox 1133 3471 1255 3530; x_wconf 91' lang='lat' dir='ltr'>clausula</span> 
     </span>
     <span class='ocr_line' id='line_1_32' title="bbox 107 3573 1255 3652; baseline 0 -22"><span class='ocrx_word' id='word_1_316' title='bbox 107 3573 174 3630; x_wconf 78' lang='lat' dir='ltr'>ltelli</span> <span class='ocrx_word' id='word_1_317' title='bbox 198 3573 352 3647; x_wconf 85' lang='lat' dir='ltr'>lugurtlrini</span> <span class='ocrx_word' id='word_1_318' title='bbox 374 3592 429 3632; x_wconf 90' lang='lat' dir='ltr'>uon</span> <span class='ocrx_word' id='word_1_319' title='bbox 455 3576 572 3633; x_wconf 80' lang='lat' dir='ltr'>dultitari</span> <span class='ocrx_word' id='word_1_320' title='bbox 595 3596 627 3635; x_wconf 86' lang='lat' dir='ltr'>er</span> <span class='ocrx_word' id='word_1_321' title='bbox 653 3573 684 3633; x_wconf 71' lang='lat'>1³¹</span> <span class='ocrx_word' id='word_1_322' title='bbox 710 3579 831 3652; x_wconf 92' lang='lat' dir='ltr'>recipere</span> <span class='ocrx_word' id='word_1_323' title='bbox 855 3587 883 3633; x_wconf 91' lang='lat' dir='ltr'>et</span> <span class='ocrx_word' id='word_1_324' title='bbox 910 3595 945 3634; x_wconf 92' lang='lat' dir='ltr'>ea</span> <span class='ocrx_word' id='word_1_325' title='bbox 971 3583 1151 3648; x_wconf 84' lang='lat' dir='ltr'>tempestate,</span> <span class='ocrx_word' id='word_1_326' title='bbox 1181 3573 1255 3648; x_wconf 86' lang='lat' dir='ltr'>quod</span> 
     </span>
     <span class='ocr_line' id='line_1_33' title="bbox 106 3675 1255 3751; baseline 0 -20"><span class='ocrx_word' id='word_1_327' title='bbox 106 3675 225 3732; x_wconf 85' lang='lat' dir='ltr'>aliorum</span> <span class='ocrx_word' id='word_1_328' title='bbox 249 3676 382 3734; x_wconf 83' lang='lat' dir='ltr'>librorum</span> <span class='ocrx_word' id='word_1_329' title='bbox 403 3678 539 3751; x_wconf 90' lang='lat' dir='ltr'>scriptura</span> <span class='ocrx_word' id='word_1_330' title='bbox 562 3697 601 3737; x_wconf 84' lang='lat' dir='ltr'>ex</span> <span class='ocrx_word' id='word_1_331' title='bbox 628 3696 663 3738; x_wconf 85' lang='lat' dir='ltr'>ea</span> <span class='ocrx_word' id='word_1_332' title='bbox 687 3680 846 3736; x_wconf 84' lang='lat' dir='ltr'>eondrruare</span> <span class='ocrx_word' id='word_1_333' title='bbox 874 3680 1022 3736; x_wconf 77' lang='lat' dir='ltr'>videbatur.</span> <span class='ocrx_word' id='word_1_334' title='bbox 1067 3680 1179 3734; x_wconf 85' lang='lat' dir='ltr'>Constat</span> <span class='ocrx_word' id='word_1_335' title='bbox 1208 3693 1255 3732; x_wconf 88' lang='lat' dir='ltr'>ou·</span> 
     </span>
     <span class='ocr_line' id='line_1_34' title="bbox 107 3776 1254 3857; baseline -0.002 -22"><span class='ocrx_word' id='word_1_336' title='bbox 107 3785 206 3835; x_wconf 85' lang='lat' dir='ltr'>temet</span> <span class='ocrx_word' id='word_1_337' title='bbox 225 3778 359 3853; x_wconf 86' lang='lat' dir='ltr'>particula</span> <span class='ocrx_word' id='word_1_338' title='bbox 381 3780 491 3854; x_wconf 68' lang='lat' dir='ltr'>adiungi</span> <span class='ocrx_word' id='word_1_339' title='bbox 516 3782 550 3845; x_wconf 92' lang='lat' dir='ltr'>id,</span> <span class='ocrx_word' id='word_1_340' title='bbox 572 3783 644 3857; x_wconf 84' lang='lat' dir='ltr'>quod</span> <span class='ocrx_word' id='word_1_341' title='bbox 664 3783 696 3838; x_wconf 88' lang='lat' dir='ltr'>ad</span> <span class='ocrx_word' id='word_1_342' title='bbox 718 3781 820 3839; x_wconf 89' lang='lat' dir='ltr'>relicua</span> <span class='ocrx_word' id='word_1_343' title='bbox 835 3782 1016 3839; x_wconf 83' lang='lat' dir='ltr'>confirmanda</span> <span class='ocrx_word' id='word_1_344' title='bbox 1031 3780 1164 3856; x_wconf 90' lang='lat' dir='ltr'>pertineat</span> <span class='ocrx_word' id='word_1_345' title='bbox 1181 3776 1254 3850; x_wconf 71' lang='lat' dir='ltr'>(trad</span> 
     </span>
     <span class='ocr_line' id='line_1_35' title="bbox 108 3878 1254 3957; baseline -0.001 -21"><span class='ocrx_word' id='word_1_346' title='bbox 108 3882 135 3936; x_wconf 93' lang='lat' dir='ltr'>in</span> <span class='ocrx_word' id='word_1_347' title='bbox 155 3879 205 3937; x_wconf 88' lang='lat' dir='ltr'>der</span> <span class='ocrx_word' id='word_1_348' title='bbox 226 3882 304 3943; x_wconf 79' lang='lat' dir='ltr'>Tlratt.</span> <span class='ocrx_word' id='word_1_349' title='bbox 327 3883 382 3938; x_wconf 88' lang='lat' dir='ltr'>trttd</span> <span class='ocrx_word' id='word_1_350' title='bbox 405 3883 563 3956; x_wconf 81' lang='lat' dir='ltr'>tt·irltliclr&#39;);</span> <span class='ocrx_word' id='word_1_351' title='bbox 581 3886 631 3941; x_wconf 85' lang='lat' dir='ltr'>cir.</span> <span class='ocrx_word' id='word_1_352' title='bbox 654 3883 795 3955; x_wconf 65' lang='lat' dir='ltr'>nicaeno.</span> <span class='ocrx_word' id='word_1_353' title='bbox 817 3883 835 3938; x_wconf 91' lang='lat' dir='ltr'>l.</span> <span class='ocrx_word' id='word_1_354' title='bbox 858 3902 881 3940; x_wconf 90' lang='lat' dir='ltr'>c.</span> <span class='ocrx_word' id='word_1_355' title='bbox 905 3902 931 3957; x_wconf 87' lang='lat' dir='ltr'>p.</span> <span class='ocrx_word' id='word_1_356' title='bbox 955 3891 1016 3944; x_wconf 76' lang='lat'>538.</span> <span class='ocrx_word' id='word_1_357' title='bbox 1060 3880 1172 3950; x_wconf 83' lang='lat' dir='ltr'>Quodsi</span> <span class='ocrx_word' id='word_1_358' title='bbox 1193 3878 1254 3953; x_wconf 88' lang='lat' dir='ltr'>quis</span> 
     </span>
     <span class='ocr_line' id='line_1_36' title="bbox 106 3983 1254 4060; baseline -0.003 -20"><span class='ocrx_word' id='word_1_359' title='bbox 106 3984 289 4058; x_wconf 77' lang='lat' dir='ltr'>oliposuerit,</span> <span class='ocrx_word' id='word_1_360' title='bbox 319 3992 375 4041; x_wconf 85' lang='lat' dir='ltr'>tum</span> <span class='ocrx_word' id='word_1_361' title='bbox 403 3992 430 4041; x_wconf 88' lang='lat' dir='ltr'>et</span> <span class='ocrx_word' id='word_1_362' title='bbox 453 3984 613 4060; x_wconf 85' lang='lat' dir='ltr'>plerumque</span> <span class='ocrx_word' id='word_1_363' title='bbox 635 3986 746 4042; x_wconf 79' lang='lat' dir='ltr'>verlttuu</span> <span class='ocrx_word' id='word_1_364' title='bbox 768 3984 858 4059; x_wconf 78' lang='lat' dir='ltr'>sequti,</span> <span class='ocrx_word' id='word_1_365' title='bbox 888 3985 914 4041; x_wconf 89' lang='lat' dir='ltr'>id</span> <span class='ocrx_word' id='word_1_366' title='bbox 943 3985 994 4042; x_wconf 86' lang='lat' dir='ltr'>ltoe</span> <span class='ocrx_word' id='word_1_367' title='bbox 1021 3983 1083 4041; x_wconf 92' lang='lat' dir='ltr'>loco</span> <span class='ocrx_word' id='word_1_368' title='bbox 1109 3989 1254 4057; x_wconf 83' lang='lat' dir='ltr'>propterca</span> 
     </span>
     <span class='ocr_line' id='line_1_37' title="bbox 106 4085 1253 4162; baseline -0.003 -20"><span class='ocrx_word' id='word_1_369' title='bbox 106 4103 162 4143; x_wconf 93' lang='lat' dir='ltr'>non</span> <span class='ocrx_word' id='word_1_370' title='bbox 186 4087 290 4143; x_wconf 86' lang='lat' dir='ltr'>laetam</span> <span class='ocrx_word' id='word_1_371' title='bbox 313 4105 373 4144; x_wconf 87' lang='lat' dir='ltr'>csse</span> <span class='ocrx_word' id='word_1_372' title='bbox 395 4089 577 4144; x_wconf 79' lang='lat' dir='ltr'>manufestum</span> <span class='ocrx_word' id='word_1_373' title='bbox 594 4097 644 4151; x_wconf 87' lang='lat' dir='ltr'>ost,</span> <span class='ocrx_word' id='word_1_374' title='bbox 666 4089 738 4162; x_wconf 77' lang='lat' dir='ltr'>‹prrod</span> <span class='ocrx_word' id='word_1_375' title='bbox 758 4104 794 4145; x_wconf 91' lang='lat' dir='ltr'>en</span> <span class='ocrx_word' id='word_1_376' title='bbox 816 4094 983 4160; x_wconf 83' lang='lat' dir='ltr'>tempestate</span> <span class='ocrx_word' id='word_1_377' title='bbox 997 4085 1171 4145; x_wconf 89' lang='lat' dir='ltr'>eelerundum</span> <span class='ocrx_word' id='word_1_378' title='bbox 1187 4091 1253 4140; x_wconf 87' lang='lat' dir='ltr'>erat.</span> 
     </span>
    </p>
   </div>
   <div class='ocr_carea' id='block_1_3' title="bbox 0 0 1388 5010">
    <p class='ocr_par' dir='ltr' id='par_1_3' title="bbox 0 0 1388 5010">
     <span class='ocr_line' id='line_1_38' title="bbox 0 0 1388 5010; baseline 0 3"><span class='ocrx_word' id='word_1_379' title='bbox 0 0 1388 5010; x_wconf 95' lang='lat' dir='ltr'> </span> 
     </span>
    </p>
   </div>
  </div>
 </body>
</html>
