2768 5010
474 398 698 441 rrrsnomanvu
718 398 778 440 aia.
802 398 835 440 iv
861 386 902 442 17.
922 390 961 443 18.
1252 372 1293 435 99

149 548 389 598 castrababuissa
404 548 534 598 traditum
553 550 602 611 sit3
621 556 665 598 set
683 550 766 599 ctiam
786 549 819 599 dc
839 563 873 597 ea
892 563 920 597 re
940 546 1070 598 iudicium
1089 542 1292 602 continendum,

148 631 209 664 eum
233 616 296 666 libri
321 617 446 665 Frontiui
469 618 578 666 varient
602 622 630 666 ct
654 617 767 665 Orosius
792 617 815 664 V
833 617 881 675 ⁶24,
906 630 985 679 qrrem
1010 630 1044 663 ea
1066 613 1145 662 Livio
1167 612 1293 662 harisisse

116 725 121 734 .
148 698 276 743 uumerus
294 685 446 745 occisorum
465 685 642 749 frigitivorum
661 685 795 745 ostendit,
820 683 952 749 proelium
977 684 1013 731 ad
1029 687 1106 747 caput
1124 680 1205 729 Silari
1229 692 1291 729 con·
1326 744 1329 749 ν

114 751 258 801 ''missuui
278 751 338 801 esse
356 751 458 803 tradat.
495 753 552 800 him
571 750 597 800 si
614 744 684 816 ‹jiiac
704 752 869 801 Plutarchus
887 751 921 798 cle
941 766 975 799 ca
993 748 1100 814 pagiua,
1119 762 1172 812 qua
1191 748 1292 796 Castus
1319 752 1323 759 '

147 824 176 866 ct
195 820 338 868 (lannieus
356 835 416 868 cum
436 820 492 869 stris
512 819 600 883 copiis
613 820 697 868 deleti
711 827 782 879 aum,
802 818 935 876 rrarravit,
956 832 1016 867 cum
1029 817 1070 866 eis
1083 831 1153 880 (luae
1166 815 1291 864 l‘rontin.

146 886 173 935 ll
191 886 217 946 5,
236 885 269 937 34
287 887 410 945 tradidit,
423 887 681 952 ’conparaverimua
702 893 806 936 certum
824 894 866 935 ast
878 885 951 934 illius
964 885 1149 934 narrationem
1168 896 1222 932 non
1234 881 1292 947 ple-

146 968 210 1002 nam
229 969 341 1002 esse-
360 969 423 1003 nam
444 955 569 1003 lacunam
590 955 661 1019 apud
682 970 741 1003 cum
761 955 784 1002 si
803 960 966 1011 statuerem,
986 952 1082 1001 merito
1102 950 1234 1000 audacior
1252 950 1292 998 vi—

146 1021 235 1070 derer.
273 1021 402 1071 tletcrum
422 1037 482 1071 aum
503 1022 575 1087 apud
594 1029 731 1079 allatores,
751 1022 849 1086 quihus
867 1035 932 1071 usim
951 1026 1001 1078 est,
1020 1019 1160 1068 invenisse
1179 1016 1292 1081 Sparta·

145 1102 208 1137 cum
227 1088 295 1138 haut
312 1087 393 1153 longa
413 1089 447 1138 alr
467 1106 500 1138 eo
518 1088 621 1153 proelio
641 1090 773 1148 abfuisse,
793 1089 884 1139 verbis
902 1103 972 1152 qaae
986 1087 1114 1137 continuo
1132 1090 1291 1149 sequuntur,

146 1156 213 1205 mihi
237 1157 346 1221 probari
370 1157 490 1206 videtur:
524 1148 688 1221 Σπαρτάκῳ
712 1150 743 1207 δὲ
767 1150 837 1222 μετὰ
862 1149 915 1221 τὴν
936 1147 1045 1204 τούτων
1067 1143 1156 1220 ἧτταν
1179 1141 1291 1217 dealm-

145 1222 244 1287 porim
267 1217 339 1289 πρὸς
362 1217 397 1273 sci
422 1214 474 1288 ὄρη
499 1216 533 1272 toi
557 1223 712 1289 Πετηλῖνα.
755 1226 803 1273 Set
821 1240 877 1274 rem
896 1223 1056 1287 diligentius
1079 1220 1290 1287 perpendamus.

145 1292 213 1340 Cum
236 1291 354 1341 insidiae
378 1293 406 1341 in
430 1298 521 1341 monte
547 1308 563 1341 a
581 1292 682 1342 (frasso
702 1292 865 1342 conlocatae
888 1308 938 1357 per
960 1291 1028 1340 diras
1047 1289 1144 1340 (lallas
1163 1287 1292 1337 mulieres

146 1366 313 1423 conspectae
332 1366 438 1417 essent,
459 1360 637 1424 fugitivorum
655 1360 739 1409 duces
757 1360 825 1409 nihil
846 1359 921 1410 aliud
940 1375 1024 1423 agere
1042 1363 1171 1423 potuere,
1190 1355 1244 1403 uisi
1262 1360 1291 1402 ut

144 1441 202 1484 eas,
222 1432 286 1475 ante
306 1443 387 1491 quam
406 1427 522 1476 Crassus
546 1428 618 1491 ipsos
638 1427 845 1491 adgrederetur,
865 1428 1060 1492 olrprimcrent.
1098 1426 1160 1487 Qua
1178 1438 1208 1473 re
1226 1422 1290 1471 Plu·

145 1493 242 1543 tarcho
262 1494 328 1543 fides
346 1495 476 1544 habenda
495 1500 551 1553 est,
574 1511 622 1544 ses
647 1494 722 1545 milia
746 1495 796 1545 illa
815 1501 980 1545 assuat-orum
1000 1494 1177 1560 lugitivorum
1195 1491 1291 1557 inpetu

146 1562 174 1609 in
198 1576 329 1610 summum
353 1563 499 1611 discrimen
524 1563 637 1611 redactos
661 1562 747 1611 fuisse
772 1579 824 1612 nec
848 1563 936 1612 rnirrus
961 1578 1007 1609 eos
1031 1577 1080 1626 per
1104 1561 1233 1609 i'rasaum
1257 1574 1289 1607 ex

144 1627 197 1677 hoc
216 1627 339 1693 periculo
359 1636 467 1695 ereptos
486 1646 555 1687 esse,
575 1638 618 1678 aet
635 1630 710 1679 nullo
729 1631 807 1680 modo
826 1629 959 1680 credibile
978 1637 1029 1690 est,
1049 1636 1104 1678 tum
1118 1643 1237 1693 pugnam
1257 1643 1291 1675 eu

145 1697 252 1745 rationu
276 1696 379 1746 factam
404 1714 478 1759 csse,
506 1713 559 1761 qua
579 1698 727 1746 Frontinus
746 1699 884 1759 narravit,
910 1713 961 1746 nee
986 1703 1078 1746 tamen
1102 1696 1165 1744 huie
1184 1710 1289 1743 omnem

145 1762 225 1812 iidem
248 1779 351 1830 negare
374 1780 525 1829 possumus.
569 1765 657 1828 Igitur
681 1766 812 1827 fugitivos
842 1765 953 1814 ‹ueslere
977 1763 1108 1813 (labemus
1131 1770 1201 1815 turn,
1229 1777 1288 1810 cirin

146 1830 263 1881 Crassus
281 1833 330 1889 ais,
351 1847 417 1896 quos
436 1833 464 1882 in
482 1832 590 1882 insidiis
609 1840 752 1897 posuerat,
773 1832 875 1882 arrxilio
894 1832 1010 1889 veniret,
1030 1847 1064 1879 uo
1085 1830 1200 1894 ancipiti
1219 1829 1290 1893 peri-

146 1897 208 1948 culo
226 1906 399 1964 caperentur,
419 1916 449 1949 sa
469 1901 609 1965 recepisse
624 1906 652 1949 et
664 1907 782 1950 risorrtem
796 1901 884 1949 minas
898 1900 978 1963 longe
993 1897 1028 1946 ab
1041 1897 1170 1962 Spartaci
1190 1895 1290 1944 castris

145 1965 271 2015 dissitum
290 1968 481 2033 occupavisse:
503 1968 541 2015 ibi
560 1976 616 2016 tum
636 1969 670 2017 ah
690 1970 789 2017 l'rasso
809 1984 841 2017 eo
860 1967 938 2016 rsrodo
956 1980 1075 2031 pugnam
1095 1965 1198 2013 iactam
1218 1978 1288 2023 essa,

146 2048 198 2098 quo
218 2034 365 2085 Frontinus
384 2035 511 2091 tradidit,
535 2036 606 2099 apud
626 2035 801 2084 Plutarchum
825 2042 917 2084 autem
940 2033 1049 2083 relicuis
1068 2031 1175 2081 omissis
1194 2031 1289 2079 statim

147 2102 250 2151 exitum
269 2101 327 2151 eius
345 2118 455 2168 pugnae
475 2104 596 2167 adiungi.
628 2103 677 2151 t'ui
691 2104 846 2152 serrtcntiae
865 2103 889 2151 si
908 2102 968 2166 qrris
980 2100 1110 2165 obponat,
1131 2099 1164 2148 de
1178 2112 1289 2146 uumero

146 2169 299 2218 occisorum
323 2169 405 2236 longe
429 2170 586 2235 discrepare
605 2170 782 2220 Plutarchum
807 2177 834 2220 ct
858 2170 1032 2228 Frontinum,
1059 2182 1139 2231 quam
1157 2164 1242 2214 multa
1260 2165 1288 2213 iu

147 2235 249 2285 talibus
268 2236 349 2285 rebus
367 2237 432 2286 licta
450 2237 577 2301 ultraque
597 2253 703 2287 orrruonr
716 2238 824 2288 modum
838 2243 921 2287 sucta
941 2236 1044 2285 tradita
1063 2235 1118 2283 siut
1137 2233 1208 2298 apud
1222 2233 1288 2281 scri·

145 2310 248 2369 ptores,
268 2304 437 2354 recordetur:
458 2305 525 2354 illud
543 2305 634 2370 iratius
648 2306 794 2355 tenendum
815 2311 865 2360 cest,
886 2320 955 2370 quae
969 2301 1116 2351 Sallustius
1133 2300 1290 2350 narraverit

146 2398 178 2407 -
197 2386 260 2420 narn
279 2387 313 2421 ex
337 2388 369 2421 eo
387 2371 564 2422 Plutarchum
587 2373 714 2422 hausisse
738 2378 841 2428 certem
865 2372 971 2422 videtur
994 2397 1026 2405 -
1050 2369 1134 2419 multo
1157 2368 1288 2417 maiorem

146 2441 268 2504 speciem
287 2440 346 2489 veri
364 2455 430 2504 prae.
449 2456 479 2489 sc
499 2441 579 2501 serre,
600 2457 680 2505 quam
699 2457 769 2505 iprae
783 2441 878 2490 Livius
896 2439 1043 2489 mansoriae
1062 2436 1220 2503 prodiderat
1238 2435 1288 2497 (sie

146 2506 281 2557 iudicavit
304 2508 389 2556 tacite
415 2507 536 2557 llerrrms.
557 2508 591 2556 ll.
612 2508 643 2557 R,
663 2509 748 2573 111p.
767 2508 819 2568 70).
857 2509 915 2557 laur
938 2512 968 2556 ut
992 2504 1102 2556 tandem
1122 2504 1155 2554 ad
1175 2501 1288 2551 Sallusti

146 2575 240 2631 verba,
260 2589 330 2638 quae
349 2574 415 2624 milii
434 2583 489 2624 tam
509 2574 609 2637 longae
628 2575 819 2641 disgressionis
833 2590 960 2625 ‹rarrssam
972 2574 1134 2639 praebuere,
1154 2576 1289 2629 revortar,

147 2657 199 2691 nou
217 2641 298 2691 rideo
318 2647 399 2706 (luem
415 2643 443 2691 iu
461 2643 504 2692 his
524 2643 604 2692 rebus
623 2644 712 2693 locum
730 2644 890 2703 habuerint,
919 2643 972 2692 nisi
994 2641 1120 2707 legiones
1144 2644 1223 2704 putes
1241 2653 1289 2689 sex

147 2709 223 2757 inilia
243 2708 291 2757 illa
310 2715 483 2769 armatemm,
504 2711 537 2759 ‹lc
557 2710 654 2774 mribus
667 2709 832 2761 Plutarchus
850 2709 974 2759 narravit
995 2709 1081 2758 luisse
1095 2723 1207 2772 casque,
1227 2720 1288 2755 cum

147 2777 282 2839 fugissent
305 2777 428 2841 fugitivi,
454 2779 488 2826 ab
508 2778 608 2827 Crasso
632 2779 659 2827 iu
678 2784 770 2828 castra
788 2794 838 2828 sua
856 2778 984 2827 reductas
1004 2793 1072 2826 esse.
1110 2775 1177 2825 Cum
1197 2779 1289 2823 autem

147 2860 202 2892 rem
221 2844 314 2905 talem,
334 2845 362 2893 in
381 2861 434 2908 qua
453 2861 486 2894 ca
505 2845 590 2894 verba
608 2852 683 2895 recte
703 2847 757 2895 dici
777 2847 923 2910 potuerint,
943 2846 970 2893 in
990 2844 1044 2893 alia
1063 2843 1134 2893 bello
1153 2841 1287 2892 accidisse

147 2927 249 2977 negare
268 2927 444 2976 nequeamus,
466 2913 575 2961 cautius
594 2914 703 2963 videtur
720 2914 803 2963 fateri
822 2929 870 2963 risis
889 2929 940 2977 quo
959 2911 1008 2963 illa
1021 2911 1201 2977 pertinuerint
1215 2925 1288 2975 pror·

147 2995 192 3027 sris
212 2995 329 3029 nescire.

232 3100 297 3147 (lum
322 3098 480 3147 Sallustium
504 3098 536 3145 de.
561 3099 614 3146 situ
640 3114 673 3147 ac
697 3105 796 3148 natura
820 3097 921 3149 ltaliae
945 3104 1128 3147 extremarum
1147 3097 1288 3161 repioumn

148 3170 230 3229 atque
250 3165 364 3215 Siciliae
383 3166 492 3215 insulae
512 3166 634 3215 littorum
654 3166 765 3224 dixisse,
785 3167 831 3216 ubi
845 3182 888 3216 res
902 3166 937 3215 ab
950 3166 1084 3231 Spartaco
1099 3170 1126 3213 el
1138 3165 1174 3212 bl.
1189 3164 1289 3212 Crasso

148 3233 175 3280 in
195 3232 248 3281 illis
266 3240 360 3299 gestas
380 3234 528 3293 enarravit,
548 3249 636 3298 paene
651 3240 753 3283 certum
767 3235 816 3293 sit,
836 3235 993 3299 fragmenta
1012 3233 1046 3283 ud
1065 3231 1113 3282 illa
1131 3231 1290 3296 spectantia

146 3299 191 3348 bic
210 3300 373 3364 subiungere
392 3317 445 3350 nou
464 3300 567 3361 dubito,
587 3316 748 3366 quamquam
768 3302 904 3367 plerisque
924 3302 995 3367 apud
1012 3309 1121 3351 veteres
1140 3298 1288 3362 scriptores

146 3367 208 3415 libri
228 3371 355 3417 irrrnierus
374 3384 427 3417 uon
447 3368 554 3417 additus
574 3375 623 3418 cst.
1118 3396 1123 3403 ·

233 3488 298 3546 *17
324 3487 383 3566 [lie.
399 3496 440 3545 32.
466 3492 494 3543 u,
517 3486 571 3565 16].
617 3486 714 3547 ltaliae
737 3487 821 3564 {tiana
845 3508 880 3546 uc-
903 3486 1009 3547 rrrcrllia.

232 3607 308 3654 Serv.
329 3605 363 3654 ad
383 3607 464 3670 l'erg.
485 3606 515 3653 A.
537 3604 653 3653 1115‘22:
672 3606 831 3672 brtmiierupuc
849 3608 958 3655 uidemus
976 3604 1093 3657 Italiam:
1111 3609 1154 3651 uu!
1173 3607 1288 3650 uulrrruru

143 3675 292 3736 praeiaciue
315 3675 426 3722 ostendit
450 3674 535 3738 (qriod
552 3690 633 3721 ceram
652 3680 691 3723 est
713 3676 737 3722 iu
756 3677 798 3723 illo
816 3673 955 3730 transitu),
978 3679 1005 3719 ut
1030 3672 1165 3720 Sallustius
1188 3667 1288 3717 ltaliae

148 3740 231 3804 plaua
244 3756 276 3789 ac
291 3740 383 3789 mollia
397 3744 438 3799 [al.
453 3746 501 3804 lep.
513 3741 597 3789 ltalia
608 3741 691 3805 plana
708 3757 740 3790 ac
756 3744 794 3790 cel
805 3749 833 3790 et
845 3737 952 3805 mollisl.
971 3739 1029 3788 Nisi
1043 3738 1166 3787 Servium
1181 3749 1289 3800 prorsus

148 3807 349 3857 inconsiderate
368 3808 439 3857 hmm
458 3810 546 3857 locum
567 3808 699 3857 adtulisse
714 3808 812 3868 credis,
832 3808 992 3858 Sallustium
1007 3807 1077 3855 haec
1091 3821 1144 3854 uon
1157 3805 1189 3854 elc
1203 3803 1289 3851 omni·

148 3876 198 3924 bus
217 3874 317 3924 Italiae
337 3876 495 3937 regionibus
514 3876 604 3939 planis
624 3892 655 3925 ac
670 3876 796 3925 rrrollibus
808 3876 909 3925 dixisse
930 3875 1058 3939 adparet,
1078 3878 1121 3921 set
1138 3872 1172 3921 dc
1191 3871 1288 3920 littori·

148 3942 197 3991 bus
216 3943 440 3992 meridiormlilrus
461 3944 524 3992 isid.
546 3944 578 3992 fr.
598 3943 650 3991 20‘).

233 4061 296 4123 *¹8
319 4062 379 4141 [lie.
393 4070 436 4120 323.
461 4069 489 4118 ti.
508 4061 563 4140 13],
607 4063 710 4121 ilrirrris
731 4061 810 4136 ltalia
833 4069 932 4121 coacta
956 4062 983 4120 iu
1002 4061 1151 4137 uirgustius
1170 4059 1289 4118 illiditur

149 4165 175 4222 iu
200 4163 258 4222 cliro
283 4166 502 4240 pronruuhuia,
527 4162 671 4222 lhuttium
695 4171 720 4220 et
745 4162 945 4222 Sallentinum.
1092 4160 1095 4165 ’

232 4283 309 4332 Serv.
325 4282 359 4331 acl
373 4283 453 4344 l'crp.
468 4284 498 4331 At
516 4282 554 4330 lll
568 4280 630 4328 uvi:
649 4280 813 4329 Sallentinum
830 4287 1028 4343 'truncatorum
1043 4281 1135 4330 ltaliae
1153 4287 1191 4330 ert
1208 4277 1292 4345 [iuter

150 4350 293 4399 I'rrlulnimu
313 4359 337 4397 et
359 4347 505 4413 liruuiosl:
528 4354 626 4398 arrru‘ul
645 4354 681 4395 uit
699 4349 847 4397 Sallustius:
866 4348 962 4399 Omnis
980 4376 1012 4385 -
1031 4350 1225 4410 Sallentinum,
1244 4349 1291 4400 ubi

148 4425 279 4483 conrupta
305 4417 428 4468 nonrmlli
452 4417 514 4466 libri
539 4421 620 4468 laice:
649 4421 692 4463 set
717 4430 766 4463 cur
790 4416 911 4465 Kritaius
938 4424 967 4468 ct
990 4417 1155 4468 (ierlaehius
1174 4420 1291 4482 finditur,

1046 4502 1089 4564 7*

723 4608 912 4696 Α
953 4614 965 4635 .
