2768 5010
406 384 709 432 aouuanrnmonun
733 381 803 425 cnr.
826 380 868 423 iv.
1136 381 1138 384 >
1160 348 1202 415 89

57 548 126 607 Sall.
147 549 186 606 idi
202 554 251 605 ant
271 561 371 603 navum
388 541 536 601 membrum
556 541 675 617 incipere
694 548 805 615 semper
823 538 909 597 volnit
927 537 993 612 (Cat.
1017 545 1058 598 tt.
1073 541 1099 597 6.
1121 541 1164 597 39.
1180 540 1201 592 t.

58 651 607 726 lugens.toennensem,
632 652 654 702 1.
680 648 780 707 rone.
806 649 904 705 toe.r.
928 635 1203 710 mirmiram)

60 763 110 813 ant
132 749 306 829 postposuit,
335 765 422 821 neque
446 748 497 805 lioc
518 745 580 804 loco
607 747 702 803 eodem
720 745 805 817 modo
828 745 929 802 dictum
953 760 1013 800 esse
1035 750 1203 818 potestque

60 857 120 930 lug.
142 862 186 917 58,
208 861 226 914 3
247 855 292 909 ain
315 882 357 891 —
379 852 418 907 idi
435 867 509 908 vero.
554 849 643 905 Eiusd.
672 866 730 923 cap.
759 856 847 905 antem
878 865 941 921 pars
955 853 1079 903 extrema
1102 851 1204 918 quanto

62 975 149 1033 opere
181 953 294 1013 Sallusti
329 952 394 1009 libri
423 950 596 1027 glossematis
623 951 756 1025 inquinati
787 951 841 1007 sint
876 948 1003 1005 ostendit.
1050 946 1115 1003 llam
1143 964 1204 1003 cum
1307 978 1312 983 -

61 1061 220 1117 coercitum
241 1054 423 1130 explicatione
445 1071 525 1129 egere
548 1053 652 1110 librarii
674 1053 882 1116 arbitrarentur,
899 1058 965 1108 ante
980 1049 1109 1111 adiecere.
1132 1047 1204 1124 qnod
1245 1128 1250 1134 ‚

61 1178 124 1218 cnm
148 1161 176 1216 in
197 1153 230 1216 1¹¹
254 1157 479 1232 superscriptum,
503 1155 529 1211 iu
552 1156 704 1213 recentiore
723 1154 824 1211 familia
848 1154 977 1211 omissum
997 1151 1047 1214 sit,
1069 1150 1205 1225 glossema

62 1280 125 1320 esse
141 1261 316 1337 perspicuum
338 1267 388 1315 est.

151 1365 209 1437 lug.
225 1368 269 1425 Ὦ,
288 1368 305 1421 2
327 1360 446 1417 liritains
464 1361 610 1417 etiamnum
631 1360 710 1417 verba
731 1362 812 1417 moda
829 1375 927 1417 ererum
942 1361 1026 1415 etiam
1041 1372 1112 1414 earn
1128 1357 1206 1423 data,

63 1484 136 1543 quae
159 1467 186 1522 in
208 1464 388 1540 paucissumis
407 1461 499 1524 libris.
528 1479 651 1537 quosque
675 1463 815 1537 eleganter
835 1461 1016 1537 interpolatos
1039 1476 1099 1516 esse
1119 1465 1167 1521 nt,
1190 1463 1208 1518 t

64 1570 120 1626 iam
142 1585 226 1643 sopra
247 1565 433 1639 cognorimus,
457 1564 558 1621 adiecta
582 1572 660 1627 sntrt.
682 1565 804 1621 retinnit.
847 1565 882 1622 lle
904 1564 1002 1639 quibus
1021 1571 1051 1620 nt
1072 1570 1146 1619 recto
1167 1560 1207 1617 in·

63 1671 156 1727 dicare
178 1666 325 1743 possimus,
344 1666 461 1742 primum
485 1667 666 1740 quaerendum
682 1675 724 1724 est
747 1667 812 1741 qnid
833 1667 870 1723 sit
891 1669 920 1724 in
936 1669 1066 1724 virtutem
1082 1666 1208 1721 tradere.

63 1773 133 1829 Cum
155 1771 274 1828 trahere
296 1769 470 1840 adaliquem
493 1768 529 1824 sit
549 1787 611 1826 oum
632 1769 809 1826 contentione
827 1768 929 1844 aliquid
951 1768 1030 1826 alieni
1050 1783 1207 1842 conparare.

65 1872 205 1935 tribuere,
233 1869 379 1928 conciliare
410 1871 520 1927 studere
548 1870 614 1943 (cir.
640 1872 695 1928 liv.
724 1872 842 1934 tt,1:
873 1879 902 1929 at
922 1873 953 1929 ln·
975 1886 1094 1928 numero
1114 1872 1208 1926 aeinm

64 1992 189 2049 repetam
204 1973 368 2031 tradebant.
395 1972 427 2028 lll
442 1979 484 2036 2&
498 1978 515 2034 6
530 1980 634 2046 captae
649 1976 736 2030 decue
751 1975 840 2031 Nolae
855 1977 896 2031 ad
909 1976 1053 2031 consulem
1067 1971 1209 2043 tradunt),

64 2082 97 2136 im
122 2080 256 2134 virtutem
278 2073 396 2130 trahere
419 2075 487 2132 nihil
509 2075 582 2132 alind
604 2075 756 2150 significare
778 2084 879 2151 potest,
909 2094 988 2151 quam
1008 2074 1103 2130 virtuti
1124 2073 1210 2129 vindi·

65 2196 132 2240 aare
157 2178 279 2240 studere,
301 2175 396 2233 virtuti
418 2176 532 2235 alicuius
559 2177 693 2241 tribuere,
717 2178 861 2236 ostendere
880 2194 960 2252 qnam
979 2176 1081 2252 aliquid
1102 2173 1210 2232 virtutis

65 2282 114 2345 sit,
136 2288 167 2337 ut
190 2277 289 2338 similia
308 2278 364 2335 siut
388 2295 448 2336 rem
471 2283 500 2336 in
522 2282 688 2353 snperbiam
710 2286 822 2337 vortere
847 2281 904 2355 lug.
923 2288 972 2344 82,
996 2288 1021 2343 :t
1045 2281 1210 2336 modestiam

64 2388 98 2442 in
116 2384 322 2441 concientiam
342 2383 447 2438 ducere
460 2388 503 2445 85.
519 2388 563 2445 26.
583 2385 614 2439 ia
635 2384 786 2440 lubidinem
806 2389 919 2441 vortere
937 2389 979 2446 tt,
994 2392 1019 2442 5.
1062 2381 1135 2451 Quae
1150 2397 1211 2438 cnm

67 2487 108 2545 ita
130 2486 189 2541 sint
208 2499 280 2541 caru
293 2485 363 2540 data
380 2485 409 2539 ire
425 2486 555 2541 viritatem
577 2486 768 2543 tradebantur
782 2486 871 2542 minus
887 2486 1000 2560 proprie
1014 2484 1066 2542 dici
1082 2484 1210 2558 adparet;

68 2589 103 2645 ad
124 2586 241 2661 gloriam
263 2585 413 2658 augendam
434 2587 580 2660 pertinent.
604 2588 860 2662 quemadmodum
881 2589 914 2645 de
936 2587 1053 2650 Tiberio,
1077 2585 1122 2661 qni
1141 2586 1210 2660 apud

69 2686 256 2767 patreatnnlli
284 2694 347 2743 ante
369 2687 550 2745 Romanomm
575 2689 696 2746 eiusdem
730 2689 832 2762 lastigii
855 2691 913 2747 viro
939 2689 1072 2764 geminam
1099 2687 1212 2761 stirpem

72 2793 171 2849 editam
201 2789 267 2865 quin
289 2789 402 2847 iactaret
429 2808 483 2846 non
511 2792 684 2865 temperavit,
713 2792 821 2848 Tacitus
848 2794 881 2849 ab
904 2811 959 2849 etc.
981 2793 1007 2847 d.
1028 2793 1096 2865 Aug.
1119 2790 1140 2845 ll
1161 2796 1211 2851 84:

76 2912 139 2949 nana
156 2900 277 2959 cuneta,
307 2893 391 2947 etiam
411 2890 551 2962 fortuito,
578 2895 618 2950 ad
643 2896 765 2966 pieriam
791 2896 924 2951 vertebat.
967 2895 1030 2951 Non
1056 2895 1125 2950 bene
1145 2911 1212 2950 cori·

78 2997 164 3063 satta,
194 2995 210 3050 i.
237 3012 261 3051 e.
292 2992 420 3049 audacius
447 3001 475 3049 et
504 2993 620 3052 alacrius
649 3005 788 3071 suscepta,
812 2996 940 3069 qnoniam
963 2995 1109 3069 singularis
1131 2995 1212 3052 antimi

82 3097 268 3170 magnitudinis
287 3111 348 3152 esse
371 3096 511 3159 ridentur,
533 3097 560 3153 in
580 3098 707 3154 virtutem
728 3097 884 3174 trahuntur,⁴
902 3099 957 3156 sive
974 3099 1146 3172 inprudentia
1162 3115 1213 3172 pro

89 3198 179 3255 virtute
200 3199 325 3255 habetur.
366 3195 394 3252 Si
420 3197 484 3255 talia
506 3198 579 3256 forte
600 3200 795 3273 eenrignntur,
825 3200 940 3274 gloriam
963 3218 1013 3275 pro
1040 3199 1119 3275 culpa
1142 3201 1214 3255 inre·

92 3299 164 3364 oinct,
186 3310 215 3358 nt
240 3301 298 3375 ipse
319 3298 382 3354 Sall.
406 3307 449 3361 94,
470 3307 484 3362 7
508 3301 581 3363 dicit,
605 3309 647 3357 aet
662 3302 767 3358 etiamsi
788 3303 897 3358 fortuna
920 3321 974 3359 non
997 3302 1100 3384 faverit.
1125 3310 1213 3358 tamen

95 3399 171 3458 nunti
193 3402 351 3459 tribuuntur
370 3401 404 3457 ab
425 3402 506 3477 uolgo
527 3403 653 3477 inperito.
698 3403 771 3471 Quae
798 3404 834 3460 ita
863 3404 986 3479 intellegi
1010 3404 1107 3466 nolim,
1137 3404 1214 3477 qnasi

99 3504 187 3560 omnino
204 3520 275 3561 casu
296 3505 367 3560 data
388 3505 418 3559 in
440 3507 571 3561 virtutem
594 3505 785 3562 tradebantur
801 3506 852 3562 dici
869 3507 992 3582 potuisse
1010 3524 1115 3579 negem,
1131 3522 1214 3561 trinum

102 3596 150 3657 illud
173 3606 298 3680 adparere
328 3613 412 3679 puto,
443 3613 548 3662 tantum
570 3607 678 3670 abesse,
710 3615 739 3663 nt
768 3607 912 3664 Sallustius
939 3626 1049 3682 zeugma
1077 3607 1216 3664 admisisse

102 3706 211 3770 potamos
231 3708 276 3770 sit.
295 3724 357 3763 cnm
378 3725 410 3763 en
427 3725 469 3770 eo,
493 3708 565 3781 qnod
582 3727 644 3765 rere
666 3709 699 3766 nd
719 3727 789 3765 rasa
806 3712 874 3767 data
890 3711 978 3767 solnm
1001 3710 1096 3766 referri
1112 3717 1215 3784 posset,

104 3799 206 3878 uptus
227 3809 379 3866 communis
403 3810 480 3866 notio
493 3812 616 3884 gloriam
637 3813 779 3885 angebant
802 3810 924 3886 intellegi
946 3812 1071 3875 voluerit,
1095 3821 1124 3868 ut
1144 3811 1216 3885 qnod

104 3903 169 3973 plion
194 3920 304 3987 optume
331 3911 502 3976 conveniret,
530 3913 612 3970 ctiam
639 3932 700 3971 cum
731 3913 817 3970 altero
847 3916 935 3971 minus
960 3915 1071 3990 proprie
1098 3911 1217 3969 iunxisse

104 4012 227 4070 oremus
243 4014 288 4069 sit.
334 4013 400 4069 'lum
429 4014 592 4088 scriptorem
622 4016 656 4072 de
687 4034 744 4073 non
764 4017 834 4072 oeae
855 4020 993 4074 consultis
1015 4025 1120 4073 tantum
1142 4016 1218 4089 cogi·

105 4108 160 4165 tane
177 4123 290 4171 extrema
313 4115 395 4171 rerba
415 4116 577 4172 ostendunt:
600 4121 720 4175 eredere
741 4120 784 4174 illi
805 4124 855 4174 aut
876 4126 995 4175 meatem
1015 4120 1141 4175 divinam
1157 4132 1218 4175 esse

105 4213 145 4260 Μ
159 4215 266 4273 deorum
285 4225 358 4274 nata
374 4225 479 4274 cuneta
496 4212 649 4289 pertendu-
669 4221 695 4274 in
715 4220 813 4293 quilius
832 4222 969 4293 portendi
985 4238 1046 4277 essa
1066 4221 1156 4276 lntnra
1178 4220 1218 4275 in·

103 4305 168 4369 dicari
187 4329 311 4376 constans
333 4320 392 4376 eins
414 4337 481 4376 usus
503 4318 672 4377 demonstrat
695 4321 754 4393 (cir.
777 4322 891 4384 Cetei,
912 4329 937 4381 i.
961 4323 1017 4396 lug.
1032 4330 1057 4384 3.
1073 4328 1098 4379 i.
1118 4329 1160 4384 63,
1179 4322 1219 4394 1);

103 4407 312 4489 dllgeotissnmns
345 4421 446 4497 quippe
474 4422 569 4478 estin
599 4422 699 4480 talibus
731 4423 852 4499 periodis
878 4423 915 4479 ita
943 4424 1159 4489 conformandis,
1190 4431 1220 4482 ut
