2768 5010
152 362 193 424 78
465 385 693 428 nrsroursuvsr
716 387 780 427 am.
806 386 844 427 ιιι
873 376 993 432 56-59.

101 547 122 608 χ
153 551 221 593 vum
246 540 346 611 postea
370 536 518 596 omissum.
563 535 668 596 Nonne
690 538 767 596 enim
790 535 827 595 lll.
844 537 987 596 diatonius
1009 543 1122 596 tantum
1145 534 1240 596 abierit
1265 544 1296 596 ut

153 634 275 695 classem
297 654 447 698 romanam
470 644 592 716 erigeret
613 645 642 697 et
659 638 863 706 confirmaret,
884 645 917 698 ut
932 638 1160 715 conrumpereti
1196 655 1295 698 nonne

154 755 221 796 oum
241 739 332 798 maria
352 741 440 799 tutari
462 739 597 807 deberet,
622 741 734 799 animos
757 741 854 817 potius
870 741 972 817 piratis
993 739 1102 798 addidit
1124 746 1213 822 atque
1227 726 1294 799 asa·

152 839 218 898 ritia
240 856 291 899 sua
318 841 413 899 ornnis
432 841 597 919 provincias
623 841 659 900 ad
689 828 925 918 desperationem
953 840 1068 916 adegit?
1095 858 1194 899 nonne
1223 857 1294 916 erpo
1361 884 1364 890 .

84 923 87 940 ’
153 945 234 1000 recte
251 949 413 1018 conrupter
434 943 485 1000 ille
505 943 552 1000 rei
572 944 749 1001 maritumae
771 941 910 1019 adpellari
929 942 1041 1019 potuit?
1075 941 1157 1010 Qarae
1171 948 1294 1019 propter

153 1043 338 1118 sequentium
360 1041 518 1102 verborum
542 1041 760 1102 similitudinem
783 1042 867 1103 larile
899 1044 992 1103 omitti
1022 1044 1152 1120 potuisse
1174 1043 1204 1102 in
1226 1059 1294 1120 pro-

152 1141 252 1218 patulo
275 1150 327 1203 est.
364 1144 458 1221 utque
473 1143 546 1203 haee
561 1142 735 1204 scholiaslen
759 1143 795 1203 ab
813 1143 949 1205 Sallustio
966 1144 1101 1222 petivisse
1117 1145 1178 1203 reri
1201 1141 1294 1202 simile

153 1250 197 1302 est
218 1262 253 1303 ex
274 1245 387 1305 adiecto
409 1248 468 1304 itte.
506 1243 617 1314 Quare
638 1227 728 1305 at'rel
745 1253 778 1305 ut
795 1250 839 1305 att
855 1245 1009 1306 adieiunda
1030 1238 1173 1322 suspicor.
1213 1244 1294 1315 Quae

152 1345 210 1405 iam
231 1352 372 1406 secuntur
395 1345 493 1415 verba,
516 1365 550 1405 ea
573 1365 608 1405 er
631 1345 767 1406 Sallustio
793 1346 882 1407 luisse
904 1347 1088 1425 deprompta,
1112 1362 1206 1424 paene
1231 1363 1295 1405 oer-

153 1453 215 1506 tum
241 1453 298 1516 est,
328 1447 416 1506 modo
437 1465 474 1508 ne
495 1467 528 1507 ex
552 1448 656 1507 eodem
683 1447 748 1508 loeo
775 1449 853 1508 unde
881 1465 1056 1526 praegressa
1080 1453 1200 1507 statuas.
1242 1446 1293 1505 Set

153 1550 241 1608 etiam
265 1567 299 1608 ea
321 1546 459 1608 lacunosa
492 1567 556 1610 esse
583 1567 686 1610 omnes
707 1548 882 1610 concedunt.
928 1548 960 1608 ln
984 1554 1122 1626 promptu
1143 1548 1297 1624 igiturest

151 1650 290 1725 praefuit
308 1648 462 1727 subplere;
492 1656 536 1709 set
564 1668 630 1712 oum
661 1651 689 1710 in
716 1650 850 1710 membro
872 1649 993 1709 relativo
1022 1650 1225 1710 coniunctirus
1249 1650 1296 1712 sit.

153 1750 225 1811 mihi
246 1750 364 1829 quidem
388 1754 496 1813 rectius
515 1753 692 1828 praefertas
715 1760 759 1812 est
775 1752 853 1812 adici
870 1751 991 1811 violetur.
1030 1750 1146 1811 Ultuma
1169 1750 1296 1828 denique

152 1852 242 1912 rerba
260 1856 430 1913 corttrarr'us
442 1856 552 1928 piratis
567 1872 625 1931 quo
639 1855 741 1919 miuus
759 1853 865 1915 Salusti
881 1840 1001 1913 credant
1016 1870 1089 1919 esse,
1112 1849 1297 1911 consuetude

64 1968 68 1980 ¹
153 1961 241 2032 atque
264 1972 334 2015 usus
355 1951 512 2034 latinorum
535 1956 714 2033 scriptorum
735 1953 840 2014 obstat.
882 1954 923 2014 de
947 1972 1014 2014 eum
1037 1952 1177 2013 audacius
1200 1952 1296 2012 videa-

148 2048 202 2115 'tur
230 2066 335 2116 matra
359 2059 479 2132 piratas
509 2058 680 2133 contigere,
711 2055 748 2115 ab
778 2053 935 2114 scholiasta
958 2055 1056 2132 potius
1079 2053 1189 2114 aelieeto
1214 2060 1296 2132 puto,

152 2158 208 2217 nisi
230 2160 325 2236 aptior
345 2156 440 2236 aliqua
464 2177 567 2219 eorum
590 2155 842 2236 expediendorum
865 2158 908 2216 via
930 2154 1110 2215 ostendatur.

238 2310 278 2370 56
304 2307 363 2392 [lir.
381 2316 425 2368 8&
448 2313 477 2368 u.
494 2308 552 2389 63].
599 2309 634 2369 Et
655 2310 730 2369 sorte
750 2308 779 2368 in
801 2308 963 2385 navigando
988 2307 1095 2367 eolrors
1115 2325 1174 2366 una
1192 2306 1297 2383 grandi

153 2411 274 2489 phaselo
296 2419 393 2479 areola,
416 2429 432 2470 a
456 2412 560 2471 ceteris
582 2410 729 2470 deerrarit
743 2410 876 2488 marique
897 2408 1012 2487 placido
1035 2429 1050 2469 a
1074 2407 1190 2469 derebus
1209 2416 1325 2486 prae·

154 2512 263 2572 durarum
288 2510 517 2593 rrryoparonilurs
540 2513 748 2571 eireumrenta.

238 2632 307 2680 Non.
327 2647 353 2695 p.
367 2627 417 2680 365
435 2646 457 2679 s.
471 2645 497 2693 u.
517 2646 647 2695 myoparo.
676 2628 770 2696 Idume
786 2635 814 2678 ot
833 2629 903 2678 sorte
924 2656 955 2662 -
974 2628 1112 2679 deerravit
1130 2644 1156 2693 p.
1170 2625 1221 2677 366
1234 2642 1256 2676 s.
1270 2642 1296 2676 ι’.

150 2697 256 2762 faselus.
293 2698 361 2747 Cum
380 2713 436 2747 rem
454 2698 496 2747 his
514 2699 605 2748 verbis
624 2705 765 2747 narratam
783 2696 904 2745 inbelle
923 2696 957 2745 ab
975 2697 1012 2745 Μ.
1027 2696 1144 2745 Antonio
1163 2694 1297 2744 advorsus

153 2766 258 2831 piratas
277 2770 355 2828 gesto
380 2765 483 2815 iactam
508 2781 568 2815 osee
592 2767 650 2815 veri
673 2764 846 2817 simillumum
870 2765 921 2825 sit,
943 2763 995 2814 hoe
1014 2764 1197 2828 fragmentum
1215 2777 1296 2827 prae-

154 2834 255 2898 gressis
274 2833 424 2898 adiungero
443 2848 497 2882 non
515 2833 648 2883 dubitari.

171 2997 177 3009 ‚
239 2951 306 3001 Cum
325 2951 358 3000 da
378 2950 478 3000 Cretae
495 2950 604 3001 insulae
630 2950 684 3000 situ
706 2956 806 2999 natura
830 2949 1040 3013 antiquitatibus
1065 2948 1218 3013 exponendi
1236 2947 1296 2998 Sal-

154 3018 251 3079 lustie‚'
266 3025 394 3083 qrruntum
413 3034 462 3067 nos
481 3019 589 3082 quidem
602 3019 730 3076 sciemus,
749 3016 840 3067 nullus
852 3016 928 3066 loeus
942 3018 1030 3081 aptior
1043 3017 1136 3076 iuuerit,
1156 3032 1237 3081 quam
1249 3017 1297 3064 ubi

154 3086 188 3135 de
205 3087 241 3135 ld.
261 3087 378 3136 Antonio
395 3087 425 3135 in
443 3103 477 3136 ea
494 3086 586 3135 insula
603 3086 704 3135 bellurn
723 3092 835 3150 gerente
854 3085 986 3145 narravit,
1006 3084 1163 3150 fragmenta
1183 3100 1215 3133 oo
1235 3099 1296 3149 per-

154 3155 273 3204 tinentia
291 3154 360 3205 lilrro
378 3154 419 3203 lll
439 3154 611 3219 adsignanda
629 3160 703 3220 puto.

239 3275 303 3333 *57
326 3273 439 3354 [lineo.
459 3275 530 3332 deri.
550 3270 628 3352 om.].
671 3272 772 3348 Longe
795 3290 810 3330 a
833 3272 1001 3331 continenti.

237 3375 317 3424 Haec
336 3375 400 3439 quin
419 3375 453 3424 de
472 3374 557 3423 Creta
575 3373 665 3422 insula
683 3372 759 3422 dieta
778 3372 887 3431 luerint,
907 3372 1054 3421 seoruulum
1074 3373 1150 3421 Seru.
1164 3370 1199 3419 ad
1212 3370 1297 3433 Vera.

153 3443 185 3491 A.
204 3443 247 3492 111
268 3443 316 3491 10⁴
333 3459 359 3508 p.
380 3439 429 3492 194
446 3443 489 3490 Li.
516 3443 605 3490 ‘raeda'o
623 3443 715 3505 peuto'
731 3447 818 3504 petest
837 3443 935 3506 quidem
953 3442 1060 3501 iuteltipi
1082 3440 1216 3488 reerurdmn
1240 3440 1298 3486 Sul-

153 3513 251 3560 iustr'um
269 3514 341 3574 lonpe
360 3527 376 3559 a
393 3511 544 3571 continenti,
569 3508 687 3558 ‹liabitari
705 3524 760 3557 non
778 3512 882 3572 potest,
907 3509 934 3555 in
957 3507 1050 3571 primis
1070 3508 1092 3555 si
1112 3522 1181 3570 quiae
1199 3520 1297 3553 sacam-

154 3585 199 3627 tur
217 3579 289 3643 aprrd
308 3582 540 3627 coementatorem
559 3575 706 3640 diligenter
724 3576 952 3627 consideraveris.

240 3697 304 3758 t‘58
327 3696 387 3777 [llr.
408 3703 451 3754 tlt.
475 3699 504 3752 G.
520 3693 579 3774 68].
624 3696 709 3756 Creta
733 3694 817 3755 altior
840 3703 898 3764 est,
930 3714 985 3773 epra
1011 3699 1121 3772 spectat
1143 3686 1298 3750 orientem.

240 3816 316 3865 Serv.
341 3814 375 3864 ad
397 3816 480 3880 Verg.
501 3815 531 3863 Α.
549 3815 595 3878 §³1
616 3813 661 3863 23:
688 3817 769 3863 ‘elata
787 3817 877 3875 mari';
898 3815 983 3878 perite
1006 3816 1079 3862 sitiam
1101 3812 1248 3874 expressit:
1272 3816 1298 3857 ut

155 3886 218 3935 enirn
237 3883 372 3932 Sallustius
389 3885 463 3942 dicit,
483 3881 566 3931 Croto
583 3908 615 3917 -
635 3881 777 3931 orientem.

240 4002 303 4062 *59
326 4002 385 4082 [lir.
404 4007 445 4059 ea.
472 4005 501 4058 u.
518 4004 538 4059 ll
556 3999 610 4080 15].
652 4001 734 4060 Serv.
757 4001 792 4060 ad
816 3999 902 4076 Verg,
926 4000 958 4058 Α.
980 3999 1018 4059 ΙΙΙ
1038 3996 1116 4058 578:
1140 3998 1215 4056 Num
1230 4013 1299 4057 cum

155 4109 186 4167 tu
207 4106 337 4179 Plrtepru
364 4105 533 4164 laceratae
557 4107 620 4164 loro
640 4081 791 4178 papauere
813 4103 964 4167 dicautur,
988 4099 1234 4175 quaemadmodum
1256 4109 1301 4158 est

155 4212 185 4269 r‘u
208 4209 312 4267 Stellio
335 4201 527 4266 Enceladus?
562 4207 652 4265 Ollius
673 4208 703 4264 iu
726 4206 814 4265 Creta
835 4206 996 4264 secularium
1015 4204 1196 4274 Sallustium,
1218 4202 1301 4260 uude
1359 4279 1362 4285 ,

157 4312 236 4389 Otlrir'
252 4308 375 4387 errurpi?

241 4415 283 4462 Ile
303 4428 336 4461 ea
355 4428 384 4461 re
404 4411 512 4461 aliunde
532 4425 584 4460 non
604 4415 720 4462 constet.
