2768 5010
124 96 164 161 tr
464 117 768 167 conunursrronuu
790 123 862 166 ene.
887 124 930 169 rr.

122 279 272 354 scriptores
292 275 463 333 inveniantur
487 276 553 351 (cir.
572 275 667 335 Caecil.
690 277 758 336 Stat.
785 280 818 337 ir.
841 286 892 342 nrt
911 280 953 339 ed.
977 281 1054 340 tribu
1074 290 1178 343 tantan
1196 286 1266 347 bine

121 387 226 441 irroasit
254 384 284 438 in
308 386 358 436 tara
376 383 466 469 cordo
487 382 626 451 deicidas,
655 382 701 438 ubi
721 391 809 439 metro
829 386 859 440 io
882 384 1032 459 munitur),
1060 386 1087 443 id
1109 388 1184 461 quod
1207 406 1265 467 nou

121 486 210 543 miuns
229 486 263 542 de
287 486 473 555 irtrrrnrpendi
495 483 577 539 verbo
599 484 677 542 ralct.
700 517 743 527 —-
763 484 903 543 billrcilius
924 495 966 544 est
985 489 1018 545 de
1035 488 1122 545 altere
1145 489 1207 548 loeo
1224 492 1265 548 di·

122 589 240 645 iudieare
262 590 410 645 occultans
425 602 456 643 se
470 589 498 643 in
516 590 639 659 lapario,
656 588 783 662 qarouiam
805 588 841 644 ibi
858 592 1042 647 vetustissumi
1057 600 1141 666 atque
1157 595 1265 668 optumi

122 691 184 747 libri
207 690 437 765 praepositionem
461 689 599 746 omittunt.
640 691 699 746 Non
722 691 832 747 dubium
853 698 942 748 autem
965 692 1070 750 videtur
1092 697 1159 769 quin
1182 704 1265 770 tugu-

121 797 190 851 rium
213 793 303 850 casula
327 793 361 847 sit
382 792 477 848 leriter
499 792 638 848 aedificata
658 792 716 865 (18,
739 802 763 851 5.
792 800 838 855 m,
866 803 890 853 5.
913 801 961 856 46,
984 804 1009 855 5-
1032 802 1080 860 ts.
1102 797 1129 870 4)
1147 791 1184 870 1);
1202 816 1265 855 uam

120 898 216 953 ‹lornrrs
244 896 417 952 Numidarum
446 912 500 951 uon
528 893 607 951 aliter
634 896 780 952 instructas
807 895 905 959 luisse,
940 915 1021 971 quant
1047 907 1077 954 ut
1102 917 1175 956 ttttne
1198 910 1264 959 sunt

121 999 180 1055 illas
200 1000 327 1071 regiones
351 995 541 1060 incolentium,
573 996 608 1051 ita
631 1005 660 1053 ut
684 997 745 1053 aula
762 1015 837 1054 casas
860 1016 1000 1056 serammm
1016 1000 1185 1065 contineret.
1207 1002 1264 1059 reri

120 1101 293 1157 simillurnum
316 1108 366 1154 est.
409 1100 453 1154 Set
476 1100 595 1173 quamvis
622 1101 655 1156 de
682 1099 802 1156 aedificio
826 1101 925 1175 exiguo
945 1102 1118 1175 cogitandum
1142 1105 1192 1166 sit,
1224 1112 1265 1160 ta·

120 1222 181 1260 men
202 1202 314 1260 auarissio
337 1201 549 1276 praepositionis
576 1202 684 1259 deleudi
713 1202 818 1259 ridetur
845 1202 975 1278 cuernplis
997 1204 1049 1261 Cic.
1078 1204 1104 1260 d.
1130 1206 1187 1281 inp.
1213 1206 1264 1263 Gn.

119 1306 213 1379 Pomp.
226 1314 250 1366 3.
264 1310 288 1364 7.
310 1304 388 1359 Tusc.
401 1303 421 1358 ll
439 1312 477 1365 15,
490 1310 532 1363 36.
570 1303 660 1359 Nihilo
678 1304 766 1361 minus
777 1303 910 1361 confiteor
929 1305 1015 1379 magis
1031 1306 1097 1362 mibi
1109 1305 1220 1380 placere
1233 1311 1264 1365 in

120 1411 250 1481 triptota,
282 1405 382 1480 quippe
402 1423 457 1479 quo
484 1405 651 1479 exprimatur
671 1405 851 1481 Hiempsalem
877 1407 955 1463 initio
975 1408 1002 1463 in
1022 1407 1088 1465 illud
1110 1408 1265 1468 aedilicium

119 1509 285 1584 entilugissc,
307 1515 364 1564 ium
386 1508 419 1563 in
438 1526 478 1565 eo
502 1525 561 1564 scse
585 1506 721 1565 etcettltarc
744 1508 889 1564 studuisse.

203 1662 340 1720 Orationis
363 1660 396 1716 ab
417 1659 568 1717 ddberbale
592 1660 618 1714 iu
643 1670 737 1718 senatu
763 1660 871 1717 babitae
892 1680 914 1717 c.
933 1670 965 1722 li
984 1661 1011 1718 bi
1030 1662 1083 1720 loci
1103 1663 1146 1719 rel
1169 1666 1197 1720 iu
1217 1684 1263 1722 su·

119 1767 268 1842 spicionem
292 1763 378 1822 rocati
402 1763 442 1819 rel
465 1764 584 1837 suspecti
609 1771 680 1818 stunt.
716 1763 836 1819 Primum
859 1763 941 1826 luere.
967 1765 1013 1838 qui
1032 1773 1049 1825 3
1065 1781 1195 1823 meorum
1215 1768 1262 1823 de·

119 1869 226 1925 lendum
247 1875 404 1929 censerent,
429 1866 487 1922 sinc
511 1865 605 1921 idonea
628 1882 736 1925 caussa.
764 1882 824 1921 eum
851 1883 940 1940 neque
962 1866 1076 1923 varietas
1097 1868 1261 1943 scripturae.

120 1990 187 2045 qrrac
209 1973 236 2027 in
263 1971 354 2045 paucis
377 1968 454 2024 libris
474 1975 524 2029 est,
547 1967 676 2023 advorsus
697 1967 816 2022 (tmuium
840 1977 1014 2041 optumarum
1038 1986 1203 2028 consensum
1219 1990 1262 2028 ra·

118 2071 181 2135 leat,
205 2090 293 2146 neque
314 2072 434 2145 utramuis
456 2087 488 2125 eo
512 2068 642 2126 rocalmlo
666 2078 739 2125 recte
761 2069 848 2124 careri
869 2071 966 2145 possit,
990 2078 1077 2127 tamen
1099 2090 1150 2148 per
1169 2092 1199 2130 se
1222 2076 1262 2130 in·

118 2174 288 2249 probandum
311 2174 355 2229 sit.
398 2172 508 2228 Meliore
532 2172 591 2227 iure
614 2170 675 2227 inlr.
699 2172 725 2242 S.
749 2173 958 2234 9lttise124',
983 2180 1000 2233 3
1022 2176 1078 2229 mei
1093 2175 1261 2250 proptcrdl

118 2278 307 2332 alletoritatem
336 2274 458 2348 spatarium
485 2290 545 2329 esse
574 2274 718 2329 indicatum
748 2280 798 2327 esl-
843 2270 870 2345 S.
887 2282 905 2332 t
922 2291 972 2331 cur
992 2276 1061 2330 mibi
1078 2276 1193 2333 eiciatur
1215 2295 1262 2335 ne·
1291 2314 1295 2319 -

119 2395 171 2451 qaae
194 2378 222 2433 in
247 2375 323 2432 libris
351 2394 430 2431 urarm
452 2375 561 2448 seriptis
591 2375 737 2448 qrridrpram
761 2390 873 2431 ratrssae
898 2384 953 2438 est,
982 2394 1070 2450 neque
1096 2377 1123 2433 in
1153 2378 1261 2436 dicendi

119 2480 232 2539 ratione,
255 2496 343 2552 raeque
363 2478 390 2533 in
407 2477 555 2538 sententia.
579 2477 632 2532 imo
656 2476 804 2549 aptissume
826 2478 925 2551 repetit
948 2486 1030 2551 atquae
1053 2479 1137 2534 ecfert
1158 2480 1262 2539 dalber-

117 2579 161 2635 bal
181 2598 230 2636 satu
253 2580 352 2636 indicio
375 2597 479 2652 starique
503 2596 584 2635 sensu
604 2580 639 2634 ita
658 2597 726 2634 esse.
769 2578 801 2632 dt
826 2579 928 2652 primus
952 2596 1004 2651 ego
1028 2581 1053 2636 iu
1076 2582 1261 2657 suspicionem

116 2700 212 2739 rocare
234 2682 319 2737 audeo
343 2683 369 2752 S.
393 2684 598 2746 aanricitium,
627 2698 683 2735 non
706 2697 761 2753 epm
784 2679 817 2734 ab
834 2697 885 2736 usu
908 2680 1036 2755 loquendi
1061 2681 1123 2755 (Cic.
1146 2685 1178 2740 ad
1197 2686 1259 2741 lam.

117 2783 171 2839 Nlll
197 2790 236 2842 tt.
257 2784 289 2839 lll
310 2792 335 2844 9.
358 2790 382 2843 l.
403 2783 457 2839 Lir.
481 2782 523 2837 t‘tt
543 2781 587 2855 31)
610 2790 656 2837 aut
679 2781 712 2836 ab
735 2782 868 2837 sententia
886 2781 1003 2840 alienum
1027 2785 1196 2849 existumem,
1220 2794 1263 2844 set

119 2886 180 2958 (paria
202 2885 287 2940 altera
307 2884 439 2940 librorum
462 2893 637 2958 optumarum
660 2883 760 2940 larnilia
783 2892 845 2957 post
866 2887 987 2941 institnit
1008 2885 1124 2942 exlribet.
1167 2888 1260 2963 Neque
1299 2914 1302 2921 ·

119 2987 217 3042 iulitias
236 2988 379 3062 qniseprarn
395 2988 453 3049 ibit,
477 2986 678 3060 obpositionem
701 3004 770 3059 <parare
786 2994 828 3041 est
842 2986 913 3042 iuter
930 2995 1039 3059 gentem
1057 2988 1213 3046 Masinissae
1232 2996 1260 3045 et

117 3088 235 3144 relicuos
252 3106 338 3162 repes,
356 3089 463 3162 gravius
480 3088 586 3149 ecferri,
602 3086 624 3143 si
640 3088 673 3143 ad
690 3087 806 3142 alterum
823 3088 972 3144 membrum
988 3107 1019 3143 en
1035 3092 1260 3166 praecellentibus

117 3209 171 3246 uou
188 3193 341 3247 amicitiam
360 3190 456 3249 soluur.
474 3197 515 3243 set
533 3189 612 3244 etiam
630 3193 791 3245 societatem
808 3198 898 3244 rrteute
922 3198 1069 3264 repetatur.
1098 3193 1124 3263 S.
1142 3199 1160 3254 6
1180 3194 1258 3251 rerba

117 3310 160 3348 me
193 3298 321 3364 nepotem
350 3292 521 3348 Masinissae
547 3290 645 3347 babere
675 3291 746 3364 ‹parrad
777 3290 896 3363 graviter
918 3291 1046 3347 nlrlendat
1075 3311 1155 3351 nemu
1182 3296 1259 3356 facile

116 3395 240 3467 tradatur,
269 3404 311 3451 set
340 3413 401 3450 cum
426 3411 519 3450 otiantes
549 3392 610 3448 libri
635 3412 665 3449 reta
690 3402 805 3453 teneant.
833 3411 947 3467 carnique
971 3393 1091 3451 insoleus
1114 3397 1262 3455 uerborum·

117 3498 184 3552 ordo
210 3497 387 3570 eiusdemque
413 3494 534 3552 notionis
564 3495 692 3569 repetitio
719 3503 746 3550 et
771 3494 894 3551 delinitio
920 3513 976 3552 rrou
1003 3497 1082 3552 modo
1107 3500 1259 3557 concitatae

116 3600 214 3653 utentis
237 3599 300 3661 siut,
325 3607 370 3655 set
391 3598 457 3653 adeo
480 3597 701 3671 perspicuitatem
717 3597 842 3652 aditnent
864 3596 934 3671 (uam
952 3598 1079 3666 (litorum
1092 3605 1260 3674 properarem

116 3697 225 3772 lougius
254 3699 286 3754 ab
316 3699 400 3755 uerbo
421 3708 555 3755 reurotum
580 3697 654 3771 est),
685 3698 747 3755 baie
768 3707 946 3771 asperrumum,
972 3700 1050 3757 facile
1072 3719 1102 3757 ca
1124 3703 1206 3761 rerba
1228 3720 1260 3763 ex

116 3801 143 3871 S.
166 3808 183 3859 2
202 3800 235 3857 ab
258 3801 370 3857 librario
386 3801 503 3857 adscribi
519 3802 652 3877 potuisse,
676 3801 740 3857 lratrt
762 3801 798 3856 ita
821 3801 936 3859 mullum
953 3802 1126 3861 tribuendum
1144 3804 1261 3863 ridetur.

151 3998 672 4061 llNondiasirnileseuntcellaeostia·
701 4000 806 4051 Caecil.
831 4000 864 4051 ir.
892 4000 939 4051 83:
957 4002 1089 4054 babitabant
1110 4007 1136 4054 in
1160 4008 1263 4072 trtptrrt'o

115 4083 217 4133 riorum
239 4085 283 4134 rel
308 4086 456 4135 ianitorum
480 4086 552 4150 apud
575 4086 674 4137 Romn—
700 4091 755 4137 sine
773 4090 902 4151 operculo.

115 4184 178 4231 nos3
209 4170 259 4219 cfr.
290 4171 398 4221 Becker
428 4170 500 4221 Gall.
531 4171 544 4220 1
574 4188 599 4237 p.
631 4169 672 4221 to.
