2768 5010
168 366 229 430 116
482 383 707 430 ararommrvn
731 386 793 427 nm.
818 385 851 429 iv
873 362 1007 434 ‹ti-n.

236 537 322 586 Prisc.
344 538 383 588 IX
401 554 428 602 p.
447 535 511 586 484:
532 537 653 588 ‘aeneam'
671 540 736 588 eninr
752 539 916 590 inchoativum
933 545 980 586 ert.
1010 535 1190 587 Seruianam
1208 535 1265 585 1111
1283 537 1317 584 tri-

166 606 429 665 rtoriarams,‹›mnes
449 633 480 639 -
499 611 568 655 erat.
604 607 647 654 Do
666 605 799 654 militibus
817 606 941 655 avocatia
954 605 1008 654 dici
1022 610 1147 669 apertum
1167 609 1209 652 ost
1227 619 1315 666 neque

168 688 278 738 prorsus
297 673 440 722 reieiumla
460 681 502 721 est
522 672 664 722 Gerlaebii
683 674 814 738 suspitio,
839 672 913 723 talea
937 673 973 722 ad
997 674 1147 722 exereitum
1166 672 1315 721 arcessitos

169 756 230 791 ease
243 741 270 789 in
284 741 369 790 Italia
382 742 513 791 advorsus
526 741 657 805 fugitiuos
671 747 700 790 et
712 741 884 806 Spartacum,
903 746 946 790 aet
963 740 1032 790 nihil
1050 741 1144 791 obstat
1160 754 1215 804 qao
1228 739 1315 788 minas

168 810 240 859 idam
258 810 286 858 in
306 809 417 858 obsesso
435 809 536 875 oppido
555 808 648 873 aliquo
666 808 771 858 factum
790 824 851 858 esse
870 810 1048 873 auspicemur.

253 929 293 988 64
319 927 378 1008 [tir.
395 935 437 986 65.
462 931 491 985 G.
516 925 570 1007 17].
615 926 712 988 Clausi
734 926 876 989 laterilms
897 927 962 988 aitis
983 927 1100 1006 pedem.

252 1039 330 1087 Aras.
351 1055 376 1102 p.
396 1037 459 1087 215:
478 1042 556 1087 altrum
570 1038 652 1102 pedes
670 1045 717 1086 tut.
749 1038 879 1088 Laterum
891 1038 920 1086 in
939 1037 1097 1087 extruendis
1110 1035 1256 1086 moenibus
1268 1051 1315 1100 per

166 1107 394 1172 Mesopotamiam
413 1112 442 1154 et
458 1105 641 1170 babyloniam
660 1105 773 1154 nmltam
792 1121 870 1155 risum
890 1106 976 1154 suinae
995 1109 1114 1178 constat.

253 1224 293 1284 65
319 1222 378 1306 [tir.
401 1231 444 1281 66.
469 1227 498 1281 G.
515 1223 573 1303 23].
615 1223 833 1302 infrequentem
855 1225 1009 1285 stationem
1032 1230 1165 1282 nostram
1185 1223 1313 1282 incurio-

168 1346 289 1405 samqao
312 1333 374 1385 tum
397 1325 551 1385 tiberinis.

254 1436 330 1484 Arna.
350 1451 376 1500 p.
395 1435 460 1482 242:
484 1436 633 1485 incuriosam
652 1435 683 1502 ab
701 1438 745 1486 ilia
762 1452 800 1485 re.
834 1437 888 1486 Pro
911 1443 961 1485 tora
979 1433 1154 1484 scribendum
1178 1448 1241 1483 oeae
1264 1439 1313 1481 tua

168 1509 244 1554 reete
259 1504 312 1552 iam
326 1501 360 1550 ab
374 1501 439 1551 aliia
453 1502 624 1552 intellectam
638 1511 688 1554 eat.
722 1504 781 1553 Noe
798 1503 1018 1568 coniungendam
1036 1518 1097 1552 ease
1110 1502 1143 1551 ab
1156 1506 1235 1551 arma
1253 1515 1313 1550 enm

169 1573 320 1621 irrcnrr'oaam
337 1570 472 1619 Amaiano
492 1571 582 1632 oredo,
602 1571 693 1621 aetat
712 1576 789 1621 ermis
807 1588 856 1636 per
869 1588 898 1620 ao
917 1571 1019 1620 dietam
1038 1584 1113 1630 oeae,
1130 1574 1163 1618 nt
1175 1567 1314 1635 signifieat

169 1641 241 1688 modo
259 1641 380 1702 repositis
392 1641 477 1686 amira.
508 1638 679 1704 Qnmnquam
697 1639 764 1688 haut
777 1638 957 1704 inprobabilis
971 1644 1014 1688 eat
1027 1637 1169 1688 Gerlaehii
1186 1636 1312 1701 suspitio,

170 1707 240 1756 liaeo
252 1706 337 1755 verba
348 1704 437 1754 locum
448 1705 588 1765 babuisse,
599 1707 645 1755 nbi
655 1707 831 1771 doSpartaeo
839 1707 934 1756 Crassi
944 1706 1110 1756 munitiones
1119 1709 1313 1770 perrumpeute

169 1778 310 1824 narratam
323 1778 391 1832 erat,
411 1779 578 1823 tamencum
596 1774 688 1823 multis
706 1775 735 1823 in
752 1774 821 1824 loeis
838 1774 911 1823 idem
930 1774 1058 1823 aeeidere
1070 1771 1201 1839 potuerit,
1221 1777 1252 1820 ut
1264 1772 1312 1820 bii·

168 1842 304 1892 tbridates
317 1842 344 1890 in
357 1841 512 1890 Armeniam
525 1842 656 1892 minorem
669 1843 808 1891 transiens
822 1841 914 1891 nrultia
930 1831 1145 1905 α’προςὸόιητος
1157 1833 1313 1903 προσέπεσε

167 1911 257 1973 (Gaas.
277 1910 329 1958 Die
343 1910 444 1958 XXXV
455 1908 481 1969 a,
501 1909 555 1959 vid.
571 1911 605 1960 ad
618 1911 641 1959 V
656 1909 689 1974 1),
710 1926 753 1959 res
772 1909 881 1960 videtur
894 1909 921 1958 in
940 1910 1046 1959 incerto
1060 1908 1253 1973 relinquenda.

256 2028 296 2089 66
320 2028 380 2108 [tir.
396 2036 439 2086 67.
462 2032 491 2085 G.
509 2027 566 2107 71],
606 2027 662 2098 Qui
684 2029 821 2106 proxumi
840 2027 903 2088 lora
925 2028 1052 2089 hostium
1076 2034 1170 2088 orant

255 2140 334 2188 Arna.
353 2155 379 2203 p.
399 2138 462 2186 25¹2:
479 2140 613 2202 pron-imao·
631 2140 706 2187 illam.

257 2260 296 2318 67
321 2257 381 2337 [tir.
396 2263 439 2314 bit.
463 2260 493 2315 G.
510 2255 568 2335 76],
611 2255 721 2316 Stolide
744 2261 838 2317 castra
860 2257 1046 2333 snbgrossua

256 2370 332 2417 Arna
353 2385 378 2433 p.
398 2364 461 2415 202:
479 2366 631 2429 subpredior
648 2369 714 2416 illum
731 2369 818 2416 loema.

257 2487 296 2547 68
320 2485 381 2566 [lir.
398 2492 432 2541 70
447 2496 474 2543 et
489 2491 531 2541 71.
563 2489 592 2542 G.
610 2483 811 2565 1112661311]
859 2484 947 2546 Curio
970 2483 1113 2560 religiono
1134 2480 1314 2543 l'eieanalio·

171 2607 237 2648 rum
259 2586 335 2647 diem
360 2585 467 2645 ibidem
489 2592 629 2646 moratus.

257 2704 363 2753 Charin.
383 2720 409 2769 p.
428 2703 474 2752 bt:
499 2710 525 2751 nt
543 2703 792 2753 Bacchanaliorum
811 2703 945 2753 Salluntum
963 2710 987 2753 et
1007 2701 1229 2752 volcanaliorum
1248 2699 1313 2764 (vid.

172 2772 206 2822 fr.
226 2771 337 2831 illiti).
373 2769 441 2820 Nea.
460 2788 487 2835 p.
506 2768 569 2821 333:
589 2771 660 2820 Idem
680 2772 749 2820 Hiat.
768 2771 810 2820 ab.
829 2772 900 2821 1111:
928 2770 1010 2819 Curio
1029 2768 1252 2820 l'uleanaliorum
1271 2768 1314 2817 die.

173 2842 211 2899 [di
227 2837 281 2902 W.]
301 2839 403 2887 ibidem
418 2844 548 2888 moratus.
579 2839 700 2903 Pompei.
714 2840 742 2888 in
755 2840 825 2887 lton.
840 2844 891 2888 art.
905 2855 931 2903 p.
948 2836 995 2888 163
1012 2838 1085 2891 liaeo
1099 2837 1217 2902 profert:
1232 2836 1315 2885 Curio

171 2907 273 2957 ibidem
292 2912 411 2955 morat-ar
430 2907 540 2968 regione
560 2906 795 2967 Vulcanalioram,
818 2906 944 2970 idemque
964 2923 988 2970 p.
1008 2906 1071 2954 222:
1096 2904 1228 2969 religione
1248 2903 1312 2952 Vul-

173 2973 340 3024 canaliorum
359 2974 513 3038 impeditus.
550 2975 608 3023 Iam
627 2989 687 3023 eum
705 2974 796 3039 prioro
814 2973 875 3023 loco
893 2974 1006 3038 Pompei
1023 2979 1117 3039 aperte
1136 2976 1259 3036 relipr'oae
1272 2987 1312 3020 re·

172 3042 338 3091 atitnemlum
356 3042 401 3101 ait,
422 3041 601 3090 alteritatem
620 3042 759 3102 abutentia
778 3047 853 3091 certe
867 3057 927 3090 eum
939 3041 1028 3106 priore
1048 3040 1203 3094 conveniat.
1222 3043 1254 3088 at
1266 3054 1314 3104 pro

171 3117 285 3159 moretur
306 3108 351 3159 vol
374 3116 485 3158 moratae
508 3110 656 3159 memoriae
680 3109 758 3175 lapsu
782 3112 915 3173 impeditur
938 3108 1069 3174 seriptum
1089 3122 1149 3157 esse
1168 3107 1313 3172 adpareat,

172 3179 289 3243 deniquo
307 3177 394 3226 verba
413 3192 455 3240 ap.
470 3178 538 3226 Non.
557 3177 673 3226 laudata
684 3177 756 3226 idem
770 3182 845 3227 certo
859 3178 971 3227 verbum
989 3178 1158 3237 contineant,
1178 3175 1315 3224 extribus

171 3245 227 3294 illis
251 3245 318 3294 loeis
340 3260 422 3293 unum
445 3243 629 3308 fragmentum
648 3244 777 3295 eomodo
796 3261 848 3309 qno
866 3245 995 3310 proposui
1014 3241 1234 3294 concinnandum
1253 3257 1314 3292 esse

171 3314 239 3363 bam
256 3311 468 3378 inprobabiliter
486 3311 551 3360 milri
569 3312 663 3362 videor
681 3313 818 3362 conicere.
851 3312 978 3361 Ceterum
997 3328 1041 3362 res
1055 3327 1150 3377 parum
1168 3310 1238 3360 lueis
1250 3309 1315 3359 inde

172 3382 282 3446 accipit,
302 3379 372 3445 quod
391 3381 423 3430 G.
438 3379 608 3428 Scribonium
622 3379 767 3430 (lurionem
781 3397 806 3430 a.
825 3379 856 3429 il
877 3395 910 3429 ex
923 3380 1089 3430 Macedonia
1101 3377 1315 3442 triumphatione

171 3451 228 3500 veri
247 3449 335 3498 simile
354 3452 397 3497 est
415 3447 476 3509 (eir.
497 3462 562 3510 qnoa
581 3447 702 3496 Kritziua
722 3447 853 3505 laudavit,
873 3447 986 3496 Ellendt
1005 3448 1039 3497 ad
1058 3447 1117 3497 cic.
1136 3447 1213 3495 Brut.
1233 3444 1314 3510 proll.

171 3535 197 3583 p.
217 3517 259 3566 118.
290 3517 387 3580 Zumpt
406 3515 440 3564 ad
459 3515 516 3563 eie.
536 3515 614 3563 Verr.
635 3533 660 3579 p.
681 3513 733 3576 6-1).
772 3515 838 3563 Cum
861 3520 953 3563 antem
971 3515 1137 3564 Volcanalia
1155 3529 1208 3563 aon
1228 3512 1316 3562 solum

172 3586 288 3641 Romae,
308 3583 446 3632 aetoliam
460 3581 556 3631 Ostiae
571 3589 634 3631 aeta
654 3598 715 3632 osae
728 3588 835 3632 constet
853 3581 971 3644 (Preller
983 3581 1097 3646 Mythol.
1112 3583 1187 3631 Rom.
1201 3597 1227 3645 p.
1242 3579 1315 3644 529),

173 3653 289 3702 fortasse
308 3651 399 3701 ibidem
417 3650 451 3699 de
470 3649 551 3699 Ostia
569 3649 784 3714 intellegundum
805 3655 854 3699 est.

257 3770 297 3829 oa
322 3768 382 3848 [tir.
399 3777 441 3825 72.
464 3774 492 3825 a.
506 3767 563 3846 32}
599 3769 670 3839 Quis
685 3770 714 3828 in
729 3786 869 3845 praesens
885 3767 973 3827 modo
988 3769 1057 3827 satis
1072 3773 1191 3829 cautum
1207 3766 1316 3826 luerat.

256 3889 333 3936 Arna.
352 3903 378 3951 p.
398 3887 460 3935 ⁶242:
483 3889 508 3935 ia
530 3902 655 3951 praesens
671 3904 720 3952 pro
739 3889 914 3951 adpraesens
933 3884 1004 3949 (vid.
1023 3883 1071 3947 61,
1093 3883 1148 3948 m).
1186 3882 1248 3946 Quia
1266 3900 1317 3950 pre

172 3971 234 4022 quoa
253 3964 328 4004 reete
348 3954 471 4005 Limlem.

258 4073 297 4131 70
320 4071 380 4152 [tir.
398 4079 439 4130 73.
462 4076 491 4131 G.
509 4071 566 4152 46].
610 4071 744 4150 Magnam
767 4091 890 4133 exorsus
913 4073 1086 4132 orationem.

255 4182 334 4230 Arna.
355 4198 380 4246 p.
399 4180 462 4231 2⁸29:
481 4197 590 4256 emonam
607 4187 754 4233 orationem.

257 4301 290 4357 71
320 4298 379 4378 [tir.
394 4308 435 4356 74.
459 4304 489 4357 a.
507 4299 565 4378 63].
610 4299 749 4378 inpotens
770 4307 799 4359 et
822 4302 927 4361 nimina
947 4301 1035 4360 animi
1058 4307 1111 4358 est.

256 4409 335 4458 Ana.
354 4424 381 4474 p.
399 4408 463 4457 249:
483 4411 571 4458 ababa
588 4411 662 4459 illino.
