2768 5010
438 376 663 447 nraroinnavn
685 404 748 447 aaa.
772 403 807 448 tv
828 393 871 450 62
890 396 934 452 63.
1202 383 1261 444 115

118 575 201 616 rrrrn:
232 555 339 634 qrrilins
361 574 419 614 non
443 555 569 614 lrnrnnna
590 555 647 616 nlla
672 575 769 635 neque
791 557 886 617 alirino
909 557 1041 625 obstant,
1072 556 1142 634 quin
1164 556 1261 614 socios

117 660 243 727 arcticos,
268 656 371 736 procul
395 659 473 719 iusta
497 659 584 727 sitos,
615 660 717 737 inopes
740 661 925 738 potentisque
954 660 1071 721 tranant
1095 656 1259 724 ‹excirnlant

69 778 99 827 18
118 763 274 839 omniaque
297 778 356 819 non
379 778 463 820 serra
489 766 518 818 et
546 777 682 820 rnaaume
712 761 944 837 regna-hostilia
972 761 1098 822 clareant?
1127 759 1260 836 Nanrqttc

118 864 204 939 pauci
231 861 409 930 libertatem,
438 879 507 939 pars
524 879 628 939 magna
653 864 744 922 iustos
765 863 899 923 driutiuos
920 863 1034 924 initiant:
1060 880 1114 921 nos
1133 859 1260 937 suspecti

70 975 100 1024 tn
119 982 220 1023 surnns
241 962 347 1023 aemuli
370 970 398 1023 et
420 965 448 1023 in
471 971 605 1040 tempore
623 963 751 1024 vindices
774 965 912 1025 adfuturi.
956 964 1001 1025 Tu
1024 982 1109 1032 vero,
1137 964 1184 1022 eni
1207 961 1284 1021 Sea
1316 1032 1321 1043 θ

118 1064 234 1134 leucen,
264 1083 398 1125 maxrrma
428 1064 563 1133 nrlrinnr,
590 1082 774 1145 regnumque
798 1065 926 1126 Persidis
949 1065 1064 1126 inclutis
1085 1065 1189 1124 ‹livitiis
1206 1073 1259 1132 est,

118 1166 247 1245 quiriuli
277 1165 332 1226 illis
359 1166 414 1226 rrisi
440 1166 539 1226 rlolnrn
562 1169 590 1226 in
617 1185 758 1244 praesens
788 1176 817 1227 et
837 1175 937 1246 postea
967 1167 1076 1228 lnllurn
1104 1164 1261 1244 expectas?

66 1284 101 1333 20
119 1266 243 1328 Romani
272 1286 353 1329 armo
384 1270 412 1327 in
442 1268 537 1327 omnis
564 1266 688 1337 liabent,
713 1271 868 1330 acec‘ruma
895 1271 923 1330 in
951 1288 1016 1335 ern,
1044 1267 1151 1349 <petilius
1177 1268 1261 1327 victis

119 1368 210 1448 spolia
239 1388 375 1431 martinia
402 1378 485 1429 saint:
516 1370 652 1430 utrclernlo
678 1378 707 1429 et
735 1370 865 1431 lallunclo
892 1379 921 1431 et
945 1371 1020 1432 liella
1046 1389 1081 1430 ex
1110 1368 1194 1430 trellis
1214 1388 1260 1430 se·

65 1489 95 1537 ‘21
118 1471 214 1531 niodo
236 1473 334 1549 magui
353 1473 430 1532 laeti.
475 1472 532 1532 Per
553 1471 634 1531 hunc
655 1491 768 1533 morem
792 1475 963 1552 extinguent
991 1475 1088 1534 omnia
1109 1481 1158 1532 aru
1181 1466 1295 1533 occi-n

119 1573 203 1633 dent:
239 1574 317 1652 ‹prrotl
348 1573 418 1633 iratrt
442 1572 559 1634 tlilsrc-ile
585 1579 644 1641 est,
678 1575 701 1633 si
732 1581 762 1633 tn
791 1573 1013 1653 Mesopotamia,
1042 1594 1096 1635 uos
1124 1576 1260 1636 llrrrrerria

118 1675 384 1752 circumgredimur
413 1677 575 1735 exercitum
599 1676 662 1736 siue
691 1677 855 1745 lruntento,
884 1678 946 1736 sine
977 1676 1105 1746 arixiliis,
1141 1677 1258 1737 fortuna

64 1796 98 1843 22
117 1784 167 1836 aut
194 1778 304 1836 nostris
328 1778 402 1837 vitiis
427 1777 525 1838 adlruc
553 1776 740 1839 incolumem.
795 1777 896 1856 'leque
926 1778 971 1838 illa
1002 1780 1078 1839 lama
1103 1786 1260 1857 sequetur:

118 1877 225 1938 sterilia
256 1880 420 1957 proiectum
451 1880 565 1957 magnis
600 1879 721 1956 regibus
749 1879 878 1939 latrones
908 1882 1038 1958 gentium
1066 1879 1257 1958 olrprcssisse.

64 2000 98 2048 ‘23
117 1980 201 2051 Quod
225 1981 266 2039 uti
290 1981 378 2041 iacias
401 1999 507 2041 moneo
530 1981 707 2060 hortorque,
736 2000 793 2041 nun
816 1979 899 2040 ntalis
915 1983 1040 2060 pernitie
1062 1989 1161 2041 nostra
1179 1988 1292 2042 tuamn

116 2080 263 2158 prolatare
286 2102 372 2161 (paratu
396 2085 534 2144 societate
558 2084 649 2143 victor
672 2083 744 2143 steri.

200 2216 224 2266 7.
244 2217 321 2267 Artis.
342 2234 367 2283 p.
387 2219 451 2267 tte:
479 2218 511 2267 Ia
527 2235 652 2283 praesens
670 2235 719 2282 pro
738 2220 774 2268 acl
789 2235 921 2284 praesens.
958 2218 1085 2268 Salnatina
1102 2245 1134 2252 —
1152 2219 1255 2268 Ilistor.

116 2285 165 2334 IV:
191 2285 262 2346 Qnirl
281 2286 316 2334 ab
340 2286 395 2335 illis
412 2287 467 2335 niai
486 2286 577 2335 siolum
601 2287 629 2336 in
647 2302 780 2353 praesens
798 2290 827 2337 el
844 2292 941 2352 postea
959 2285 1060 2336 bellum
1080 2293 1255 2352 exspectans.

114 2405 139 2452 2.
159 2405 333 2469 potentisque
352 2403 385 2457 li.
439 2405 588 2454 excindont
606 2405 639 2458 Ἡ.
676 2406 806 2456 excidunt
828 2422 863 2455 eat
883 2405 971 2455 Ursini
991 2412 1016 2453 ct
1037 2406 1164 2455 ciacconii
1185 2406 1257 2455 libris

116 2473 185 2521 t'ort.
205 2498 239 2508 -
256 2473 280 2523 3.
301 2488 424 2522 rnaxume
438 2471 471 2526 Qi-
491 2499 523 2506 —
542 2473 567 2521 5.
587 2472 721 2524 Seleucea
734 2473 767 2527 'll-
798 2472 927 2523 Seleucia
941 2474 1009 2523 (irre.
1029 2500 1062 2508 -
1079 2472 1103 2520 7.
1124 2479 1256 2538 expectas

114 2538 146 2591 ll.
166 2567 197 2574 —
221 2532 411 2590 ll.⁰Ablatinoa
429 2541 630 2604 Mesopotamia
648 2549 672 2589 et
690 2541 820 2592 Araneola
837 2544 906 2591 notui
922 2549 948 2591 tn
960 2541 1139 2591 dubitationem
1154 2557 1254 2599 uocare,

112 2624 206 2657 rneraor
217 2612 316 2658 tatiana:
334 2615 414 2674 porta
428 2607 536 2658 Collina
549 2609 644 2658 urbem
657 2610 770 2671 intrare,
790 2610 836 2661 via
848 2609 1021 2660 Nomentana
1034 2609 1171 2674 proticisci
1183 2611 1255 2659 erant.

201 2759 241 2821 62
264 2760 324 2841 [nr.
342 2769 384 2819 tt).
408 2765 436 2818 c.
454 2759 511 2840 50],
555 2761 631 2822 Turn
657 2780 727 2823 rero
746 2763 917 2841 Atrapateni
944 2762 1177 2842 propinquantes
1199 2762 1255 2823 iarn

113 2881 230 2922 anruenr
253 2865 415 2922 Arsaniam.

198 2981 276 3030 Aras.
295 2998 320 3046 p.
340 2981 403 3031 aot:
424 2982 602 3046 Propinqnant
620 2985 686 3031 ittam
703 2986 791 3034 locam.
822 2982 876 3033 Sal.
896 2983 966 3033 lliat.
985 2984 1037 3032 IV:
1058 2988 1113 3032 turn
1132 2998 1197 3033 vcro
1208 2983 1254 3032 Bi·

113 3049 191 3113 thyni
210 3049 328 3107 [necnon
347 3051 397 3100 Gn.
416 3054 459 3099 set
476 3050 504 3098 in
523 3067 577 3115 mg.
598 3050 704 3109 Bitlini]
723 3051 938 3116 propinquantes
955 3051 1011 3099 iarn
1030 3066 1137 3099 arranem
1156 3051 1254 3100 Tarta·

113 3119 195 3166 niani.
238 3117 306 3166 Cum
329 3133 417 3182 neque
440 3117 575 3180 Bithynos
597 3117 654 3167 illis
678 3120 771 3175 anuis,
797 3133 908 3183 quorum
932 3134 975 3168 res
993 3123 1091 3182 gestae
1109 3118 1178 3168 lilrro
1197 3118 1254 3169 1111

114 3189 261 3234 enarratae
280 3185 372 3246 suere,
392 3185 538 3250 quidquam
558 3186 678 3248 gessisse
697 3191 856 3235 constet-
874 3186 928 3236 nisi
947 3186 1018 3235 sorta
1037 3201 1129 3235 eorum
1148 3185 1255 3236 arrailia

112 3253 140 3301 in
160 3253 281 3302 exercitu
300 3253 408 3302 Luculli
427 3254 512 3303 luisse.
532 3254 653 3317 opinaris
671 3281 711 3311 --‚
733 3268 823 3317 neque
840 3254 938 3304 fluvius
955 3253 1104 3303 Tartanins
1122 3253 1192 3302 ullus
1211 3268 1254 3303 us·

113 3336 193 3384 apuam
212 3321 338 3385 cognitas
352 3323 388 3370 sit
401 3321 533 3379 [Artanen
547 3321 591 3370 rol
603 3321 735 3371 Amanum
749 3321 777 3369 in
789 3321 920 3384 Bithynia
932 3320 1018 3370 fuisso
1036 3321 1129 3371 docuit
1141 3320 1252 3385 Forbig.

113 3404 206 3453 geogr.
227 3395 284 3438 ant.
304 3389 329 3438 11
342 3405 368 3453 p.
382 3387 451 3453 3791,
472 3405 531 3438 cunr
550 3388 666 3453 dariique
679 3388 755 3439 nulla
767 3389 795 3437 in
808 3405 838 3438 re
851 3389 963 3439 facilius
976 3394 1003 3437 et
1016 3389 1120 3453 turpius
1134 3393 1254 3437 erratum

113 3471 173 3508 esse
187 3471 267 3521 quarn
280 3457 308 3505 in
320 3457 473 3507 nominibus
483 3457 599 3521 propriis
610 3456 780 3521 exploratum
790 3456 834 3516 sit,
844 3472 899 3506 non
908 3471 1005 3507 vereor
1017 3472 1051 3505 no
1063 3456 1090 3504 in
1102 3456 1202 3505 crimen
1211 3460 1253 3505 te·

111 3524 246 3573 maritatis
264 3524 415 3586 incurram,
440 3525 463 3573 si
482 3524 629 3573 arrdaciora
648 3523 839 3575 cnrcndatione
858 3524 970 3574 efficere
993 3524 1138 3583 studuero,
1161 3528 1190 3573 ut
1207 3523 1253 3572 hic

112 3591 188 3640 locus
211 3592 359 3641 conveniat
382 3608 442 3641 etun
466 3592 536 3643 I'lut.
562 3593 720 3641 narratione
745 3591 777 3640 tle
801 3607 894 3657 pugna
919 3592 953 3642 acl
975 3591 1085 3641 tlrrriuar
1108 3591 1253 3641 Arsaniam

111 3659 216 3721 (In-um.
236 3660 273 3708 IV
285 3676 310 3724 p.
328 3659 382 3709 15¹2.
403 3661 524 3730 Monimo.
545 3660 585 3708 111
596 3676 623 3724 p.
635 3658 688 3721 uu),
708 3660 776 3709 Luc.
791 3658 837 3710 31:
856 3655 906 3709 sal
924 3651 990 3716 τούς
1007 3652 1060 3723 μὲν
1079 3651 1178 3736 snaetp
1195 3646 1253 3708 α’πὸ

111 3725 161 3791 τῆς
180 3718 303 3788 διώξεως
321 3717 489 3777 ἀνεκαλεῖτο
508 3718 537 3791 (ὁ
556 3719 758 3792 Λούκουλλος),
777 3725 888 3791 πρῶτος
907 3717 938 3776 ‹l’
956 3717 1077 3792 α’ντέστη
1090 3728 1150 3785 τοῖς
1168 3727 1253 3789 Arpo-

111 3797 251 3859 πατηνοῑς
268 3785 335 3845 κατ’
353 3785 442 3845 αὐτὸν
460 3781 522 3845 οὖσι
540 3787 611 3860 μετὰ
630 3793 686 3845 τῶν
697 3785 822 3858 ἀρίστων
834 3791 883 3844 καὶ
896 3790 964 3858 πρὶν
983 3788 1024 3852 εἰς
1043 3796 1139 3859 χεῖρας
1153 3784 1253 3844 ἐλθεῖν

112 3857 242 3928 φοβήσας
266 3854 413 3926 ἐτρέψατο.
451 3866 578 3912 Ceterum
602 3864 626 3912 si
650 3863 719 3913 lraee
744 3863 830 3913 rerba
854 3869 986 3927 conrupta
1010 3879 1070 3912 esee
1092 3877 1252 3911 concessum

112 3931 209 3992 fuerit,
234 3931 302 3980 illud
324 3932 383 3981 inre
409 3932 502 3995 ‹ptruori
526 3931 607 3991 licet,
633 3946 722 3980 aurion
745 3931 870 3980 inaudita
890 3930 939 3979 illa
957 3929 1034 3981 verbi
1051 3929 1252 3995 propinquandi

111 4000 277 4049 constructio
297 4000 381 4050 errori
401 4004 449 4049 ant
466 3999 638 4048 librariorum
658 4004 704 4048 aut
724 3999 809 4063 ipsius
832 3998 1006 4063 grammatici
1025 3996 1171 4047 tribuenda
1189 3998 1233 4047 sit.

195 4135 320 4198 Arlinngo
345 4135 399 4184 iam
424 4151 458 4184 ea
477 4134 633 4198 fragurenta
657 4149 727 4198 quae
747 4149 798 4198 qno
817 4131 1013 4200 pertinuerint,
1036 4132 1146 4191 dubium
1171 4136 1252 4196 atque

109 4203 243 4252 incertum
264 4211 314 4252 cst.

196 4320 235 4380 63
261 4321 379 4401 [liant.
405 4326 434 4378 u.
460 4320 512 4400 19].
562 4323 672 4379 ttnrnes
699 4319 807 4399 crnibus
833 4327 953 4381 senecta
983 4339 1108 4398 corpore
1138 4320 1253 4380 artinrns

110 4423 243 4483 militaris
260 4431 332 4484 crat.
1234 4423 1239 4432 '

977 4522 1025 4584 8*
