<?xml version="1.0" encoding="UTF-8"?>
<!DOCTYPE html PUBLIC "-//W3C//DTD XHTML 1.0 Transitional//EN"
    "http://www.w3.org/TR/xhtml1/DTD/xhtml1-transitional.dtd">
<html xmlns="http://www.w3.org/1999/xhtml" xml:lang="en" lang="en">
 <head>
  <title>
</title>
<meta http-equiv="Content-Type" content="text/html;charset=utf-8" />
  <meta name='ocr-system' content='tesseract 3.04.00' />
  <meta name='ocr-capabilities' content='ocr_page ocr_carea ocr_par ocr_line ocrx_word'/>
</head>
<body>
  <div class='ocr_page' id='page_1' title='image "./gaisallvsticris00sallgoog_0099.png"; bbox 0 0 2768 5010; ppageno 0'>
   <div class='ocr_carea' id='block_1_1' title="bbox 194 386 998 453">
    <p class='ocr_par' dir='ltr' id='par_1_1' title="bbox 194 386 998 453">
     <span class='ocr_line' id='line_1_1' title="bbox 194 386 998 453; baseline 0.002 -3"><span class='ocrx_word' id='word_1_1' title='bbox 194 386 236 450; x_wconf 88' lang='grc'><em>86</em></span> <span class='ocrx_word' id='word_1_2' title='bbox 536 408 839 453; x_wconf 75' lang='lat' dir='ltr'><em>eounauramouon</em></span> <span class='ocrx_word' id='word_1_3' title='bbox 860 410 931 453; x_wconf 79' lang='lat' dir='ltr'><em>aar.</em></span> <span class='ocrx_word' id='word_1_4' title='bbox 954 410 998 453; x_wconf 76' lang='lat' dir='ltr'><em>iv.</em></span> 
     </span>
    </p>
   </div>
   <div class='ocr_carea' id='block_1_2' title="bbox 184 563 1374 4524">
    <p class='ocr_par' dir='ltr' id='par_1_2' title="bbox 184 563 1374 4524">
     <span class='ocr_line' id='line_1_2' title="bbox 192 563 1340 642; baseline 0.006 -22"><span class='ocrx_word' id='word_1_5' title='bbox 192 563 355 627; x_wconf 87' lang='lat' dir='ltr'><em>arbitretur,</em></span> <span class='ocrx_word' id='word_1_6' title='bbox 384 564 416 621; x_wconf 90' lang='lat' dir='ltr'><em>ad</em></span> <span class='ocrx_word' id='word_1_7' title='bbox 439 563 636 622; x_wconf 86' lang='lat' dir='ltr'><em>inlustrandum</em></span> <span class='ocrx_word' id='word_1_8' title='bbox 657 568 811 624; x_wconf 82' lang='lat' dir='ltr'><em>multarum</em></span> <span class='ocrx_word' id='word_1_9' title='bbox 833 568 986 639; x_wconf 83' lang='lat' dir='ltr'><em>imapr&#39;mrm</em></span> <span class='ocrx_word' id='word_1_10' title='bbox 1009 566 1183 642; x_wconf 79' lang='lat' dir='ltr'><em>adscriptum.</em></span> <span class='ocrx_word' id='word_1_11' title='bbox 1227 570 1274 627; x_wconf 86' lang='lat' dir='ltr'><em>Set</em></span> <span class='ocrx_word' id='word_1_12' title='bbox 1299 578 1340 627; x_wconf 90' lang='lat' dir='ltr'><em>ta·</em></span> 
     </span>
     <span class='ocr_line' id='line_1_3' title="bbox 192 668 1339 744; baseline 0.008 -22"><span class='ocrx_word' id='word_1_13' title='bbox 192 684 254 723; x_wconf 87' lang='lat' dir='ltr'><em>meu</em></span> <span class='ocrx_word' id='word_1_14' title='bbox 271 669 428 723; x_wconf 86' lang='lat' dir='ltr'><em>multorom</em></span> <span class='ocrx_word' id='word_1_15' title='bbox 450 670 603 741; x_wconf 79' lang='lat' dir='ltr'><em>imapimrm</em></span> <span class='ocrx_word' id='word_1_16' title='bbox 627 669 689 725; x_wconf 80' lang='lat' dir='ltr'><em>nori</em></span> <span class='ocrx_word' id='word_1_17' title='bbox 708 669 810 743; x_wconf 90' lang='lat' dir='ltr'><em>aliquid</em></span> <span class='ocrx_word' id='word_1_18' title='bbox 832 668 968 742; x_wconf 81' lang='lat' dir='ltr'><em>adiungit,</em></span> <span class='ocrx_word' id='word_1_19' title='bbox 998 670 1070 744; x_wconf 92' lang='lat' dir='ltr'><em>quod</em></span> <span class='ocrx_word' id='word_1_20' title='bbox 1097 669 1129 726; x_wconf 91' lang='lat' dir='ltr'><em>ad</em></span> <span class='ocrx_word' id='word_1_21' title='bbox 1152 671 1339 731; x_wconf 84' lang='lat' dir='ltr'><em>deliniondum</em></span> 
     </span>
     <span class='ocr_line' id='line_1_4' title="bbox 192 769 1338 847; baseline 0.007 -22"><span class='ocrx_word' id='word_1_22' title='bbox 192 769 220 825; x_wconf 93' lang='lat' dir='ltr'><em>id</em></span> <span class='ocrx_word' id='word_1_23' title='bbox 243 771 315 844; x_wconf 93' lang='lat' dir='ltr'><em>quod</em></span> <span class='ocrx_word' id='word_1_24' title='bbox 337 770 418 826; x_wconf 87' lang='lat' dir='ltr'><em>latius</em></span> <span class='ocrx_word' id='word_1_25' title='bbox 438 778 537 844; x_wconf 85' lang='lat' dir='ltr'><em>pateat,</em></span> <span class='ocrx_word' id='word_1_26' title='bbox 560 771 711 846; x_wconf 88' lang='lat' dir='ltr'><em>pertineat,</em></span> <span class='ocrx_word' id='word_1_27' title='bbox 742 773 770 828; x_wconf 89' lang='lat' dir='ltr'><em>ia</em></span> <span class='ocrx_word' id='word_1_28' title='bbox 797 789 852 846; x_wconf 93' lang='lat' dir='ltr'><em>quo</em></span> <span class='ocrx_word' id='word_1_29' title='bbox 881 787 982 845; x_wconf 79' lang='lat' dir='ltr'><strong>genere</strong></span> <span class='ocrx_word' id='word_1_30' title='bbox 1002 770 1169 845; x_wconf 77' lang='lat' dir='ltr'><em>copulativae</em></span> <span class='ocrx_word' id='word_1_31' title='bbox 1187 775 1338 847; x_wconf 82' lang='lat' dir='ltr'><em>particulas</em></span> 
     </span>
     <span class='ocr_line' id='line_1_5' title="bbox 192 872 1337 948; baseline 0.006 -22"><span class='ocrx_word' id='word_1_32' title='bbox 192 878 220 927; x_wconf 87' lang='lat' dir='ltr'><em>et</em></span> <span class='ocrx_word' id='word_1_33' title='bbox 243 878 329 944; x_wconf 86' lang='lat' dir='ltr'><em>atque</em></span> <span class='ocrx_word' id='word_1_34' title='bbox 351 872 391 929; x_wconf 87' lang='lat' dir='ltr'><em>rel</em></span> <span class='ocrx_word' id='word_1_35' title='bbox 412 890 447 929; x_wconf 86' lang='lat' dir='ltr'><em>aa</em></span> <span class='ocrx_word' id='word_1_36' title='bbox 470 873 650 947; x_wconf 74' lang='lat' dir='ltr'><strong>potissumum</strong></span> <span class='ocrx_word' id='word_1_37' title='bbox 672 874 799 948; x_wconf 87' lang='lat' dir='ltr'><em>usurpari</em></span> <span class='ocrx_word' id='word_1_38' title='bbox 822 874 929 929; x_wconf 90' lang='lat' dir='ltr'><em>ostemli</em></span> <span class='ocrx_word' id='word_1_39' title='bbox 953 873 1018 929; x_wconf 90' lang='lat' dir='ltr'><em>olim</em></span> <span class='ocrx_word' id='word_1_40' title='bbox 1037 874 1070 930; x_wconf 91' lang='lat' dir='ltr'><em>ad</em></span> <span class='ocrx_word' id='word_1_41' title='bbox 1093 873 1150 929; x_wconf 82' lang='lat' dir='ltr'><em>Cat.</em></span> <span class='ocrx_word' id='word_1_42' title='bbox 1173 880 1198 937; x_wconf 71' lang='grc'><em>9,</em></span> <span class='ocrx_word' id='word_1_43' title='bbox 1217 883 1287 940; x_wconf 82' lang='lat'><em>9·3‚</em></span> <span class='ocrx_word' id='word_1_44' title='bbox 1311 885 1337 937; x_wconf 80' lang='lat'><em>4.</em></span> 
     </span>
     <span class='ocr_line' id='line_1_6' title="bbox 191 973 1337 1051; baseline 0.007 -23"><span class='ocrx_word' id='word_1_45' title='bbox 191 973 248 1047; x_wconf 80' lang='lat' dir='ltr'><em>lug.</em></span> <span class='ocrx_word' id='word_1_46' title='bbox 272 982 328 1036; x_wconf 83' lang='grc'><strong>107,</strong></span> <span class='ocrx_word' id='word_1_47' title='bbox 353 980 378 1034; x_wconf 73' lang='lat'>2</span> <span class='ocrx_word' id='word_1_48' title='bbox 414 974 503 1032; x_wconf 87' lang='lat' dir='ltr'><em>Eiusd.</em></span> <span class='ocrx_word' id='word_1_49' title='bbox 525 994 582 1050; x_wconf 86' lang='lat' dir='ltr'><em>oap.</em></span> <span class='ocrx_word' id='word_1_50' title='bbox 606 977 633 1046; x_wconf 67' lang='lat' dir='ltr'><em>S.</em></span> <span class='ocrx_word' id='word_1_51' title='bbox 656 984 683 1035; x_wconf 96' lang='grc'><em>11</em></span> <span class='ocrx_word' id='word_1_52' title='bbox 708 975 819 1051; x_wconf 77' lang='lat' dir='ltr'><strong>scripsi:</strong></span> <span class='ocrx_word' id='word_1_53' title='bbox 842 978 882 1031; x_wconf 88' lang='lat' dir='ltr'><em>ita</em></span> <span class='ocrx_word' id='word_1_54' title='bbox 899 976 1072 1047; x_wconf 83' lang='lat' dir='ltr'><em>pleramque</em></span> <span class='ocrx_word' id='word_1_55' title='bbox 1086 978 1178 1033; x_wconf 81' lang='lat' dir='ltr'><em>eeerrr‘t</em></span> <span class='ocrx_word' id='word_1_56' title='bbox 1192 980 1236 1033; x_wconf 86' lang='lat' dir='ltr'><em>ati</em></span> <span class='ocrx_word' id='word_1_57' title='bbox 1250 994 1337 1051; x_wconf 85' lang='lat' dir='ltr'><em>quem</em></span> 
     </span>
     <span class='ocr_line' id='line_1_7' title="bbox 191 1071 1336 1153; baseline 0.005 -21"><span class='ocrx_word' id='word_1_58' title='bbox 191 1071 240 1132; x_wconf 84' lang='lat' dir='ltr'><em>eos</em></span> <span class='ocrx_word' id='word_1_59' title='bbox 262 1078 457 1149; x_wconf 75' lang='lat' dir='ltr'><em>inperatorem</em></span> <span class='ocrx_word' id='word_1_60' title='bbox 479 1080 609 1141; x_wconf 82' lang='lat' dir='ltr'><em>iussistis,</em></span> <span class='ocrx_word' id='word_1_61' title='bbox 630 1081 655 1134; x_wconf 86' lang='lat' dir='ltr'><em>is</em></span> <span class='ocrx_word' id='word_1_62' title='bbox 677 1081 871 1150; x_wconf 75' lang='lat' dir='ltr'><strong><em>inperatorem</em></strong></span> <span class='ocrx_word' id='word_1_63' title='bbox 893 1078 981 1133; x_wconf 81' lang='lat' dir='ltr'><em>alium</em></span> <span class='ocrx_word' id='word_1_64' title='bbox 1002 1085 1140 1149; x_wconf 79' lang='lat' dir='ltr'><em>quaerat,</em></span> <span class='ocrx_word' id='word_1_65' title='bbox 1164 1081 1287 1153; x_wconf 78' lang='lat' dir='ltr'><em>quamvis</em></span> <span class='ocrx_word' id='word_1_66' title='bbox 1306 1082 1336 1144; x_wconf 67' lang='lat' dir='ltr'><em>‘tl</em></span> 
     </span>
     <span class='ocr_line' id='line_1_8' title="bbox 190 1177 1336 1255; baseline 0.006 -21"><span class='ocrx_word' id='word_1_67' title='bbox 190 1177 324 1253; x_wconf 89' lang='lat' dir='ltr'><em>nudtique</em></span> <span class='ocrx_word' id='word_1_68' title='bbox 347 1179 410 1235; x_wconf 81' lang='lat' dir='ltr'>libri</span> <span class='ocrx_word' id='word_1_69' title='bbox 432 1198 513 1238; x_wconf 91' lang='lat' dir='ltr'><em>mauu</em></span> <span class='ocrx_word' id='word_1_70' title='bbox 548 1181 643 1255; x_wconf 85' lang='lat' dir='ltr'><em>scripti</em></span> <span class='ocrx_word' id='word_1_71' title='bbox 671 1183 696 1237; x_wconf 84' lang='lat' dir='ltr'><em>is</em></span> <span class='ocrx_word' id='word_1_72' title='bbox 716 1181 771 1237; x_wconf 85' lang='lat' dir='ltr'><em>sibi</em></span> <span class='ocrx_word' id='word_1_73' title='bbox 790 1182 985 1251; x_wconf 74' lang='lat' dir='ltr'><em>inperatorem</em></span> <span class='ocrx_word' id='word_1_74' title='bbox 1006 1178 1172 1236; x_wconf 78' lang='lat' dir='ltr'><em>exhiberent.</em></span> <span class='ocrx_word' id='word_1_75' title='bbox 1213 1183 1336 1241; x_wconf 81' lang='lat' dir='ltr'><em>Primum</em></span> 
     </span>
     <span class='ocr_line' id='line_1_9' title="bbox 191 1280 1335 1359; baseline 0.005 -22"><span class='ocrx_word' id='word_1_76' title='bbox 191 1280 263 1337; x_wconf 87' lang='lat' dir='ltr'><em>enim</em></span> <span class='ocrx_word' id='word_1_77' title='bbox 283 1280 392 1339; x_wconf 89' lang='lat' dir='ltr'><em>relieuis</em></span> <span class='ocrx_word' id='word_1_78' title='bbox 415 1283 528 1339; x_wconf 88' lang='lat' dir='ltr'><em>vetustis</em></span> <span class='ocrx_word' id='word_1_79' title='bbox 551 1282 628 1338; x_wconf 90' lang='lat' dir='ltr'><em>libris</em></span> <span class='ocrx_word' id='word_1_80' title='bbox 650 1282 823 1355; x_wconf 75' lang='lat' dir='ltr'><em>glossematis</em></span> <span class='ocrx_word' id='word_1_81' title='bbox 844 1281 964 1356; x_wconf 87' lang='lat' dir='ltr'><em>suspicio</em></span> <span class='ocrx_word' id='word_1_82' title='bbox 986 1288 1126 1345; x_wconf 66' lang='lat' dir='ltr'><em>arevalum</em></span> <span class='ocrx_word' id='word_1_83' title='bbox 1151 1291 1208 1340; x_wconf 91' lang='lat' dir='ltr'><em>tum</em></span> <span class='ocrx_word' id='word_1_84' title='bbox 1232 1303 1282 1359; x_wconf 90' lang='lat' dir='ltr'><em>per</em></span> <span class='ocrx_word' id='word_1_85' title='bbox 1305 1305 1335 1343; x_wconf 84' lang='lat' dir='ltr'><em>se</em></span> 
     </span>
     <span class='ocr_line' id='line_1_10' title="bbox 191 1383 1336 1462; baseline 0.004 -22"><span class='ocrx_word' id='word_1_86' title='bbox 191 1383 366 1457; x_wconf 88' lang='lat' dir='ltr'><em>perspicuum</em></span> <span class='ocrx_word' id='word_1_87' title='bbox 389 1392 439 1447; x_wconf 88' lang='lat' dir='ltr'><em>est,</em></span> <span class='ocrx_word' id='word_1_88' title='bbox 463 1402 518 1459; x_wconf 91' lang='lat' dir='ltr'><em>quo</em></span> <span class='ocrx_word' id='word_1_89' title='bbox 536 1385 618 1441; x_wconf 88' lang='lat' dir='ltr'><em>modo</em></span> <span class='ocrx_word' id='word_1_90' title='bbox 640 1383 720 1440; x_wconf 84' lang='lat' dir='ltr'><em>verba</em></span> <span class='ocrx_word' id='word_1_91' title='bbox 743 1386 798 1440; x_wconf 88' lang='lat' dir='ltr'><em>siut</em></span> <span class='ocrx_word' id='word_1_92' title='bbox 820 1383 1018 1457; x_wconf 81' lang='lat' dir='ltr'><em>intellegmida,</em></span> <span class='ocrx_word' id='word_1_93' title='bbox 1046 1383 1146 1459; x_wconf 89' lang='lat' dir='ltr'><em>quippe</em></span> <span class='ocrx_word' id='word_1_94' title='bbox 1172 1402 1233 1442; x_wconf 89' lang='lat' dir='ltr'><em>eum</em></span> <span class='ocrx_word' id='word_1_95' title='bbox 1254 1406 1336 1462; x_wconf 91' lang='lat' dir='ltr'><em>prae·</em></span> 
     </span>
     <span class='ocr_line' id='line_1_11' title="bbox 189 1485 1336 1564; baseline 0.006 -23"><span class='ocrx_word' id='word_1_96' title='bbox 189 1485 267 1541; x_wconf 86' lang='lat' dir='ltr'><em>cedat</em></span> <span class='ocrx_word' id='word_1_97' title='bbox 288 1494 383 1542; x_wconf 77' lang='lat' dir='ltr'><em>suniat</em></span> <span class='ocrx_word' id='word_1_98' title='bbox 403 1488 525 1559; x_wconf 82' lang='lat' dir='ltr'><em>aliquem</em></span> <span class='ocrx_word' id='word_1_99' title='bbox 545 1503 584 1543; x_wconf 82' lang='lat' dir='ltr'><em>ea</em></span> <span class='ocrx_word' id='word_1_100' title='bbox 602 1490 711 1559; x_wconf 86' lang='lat' dir='ltr'><em>populo</em></span> <span class='ocrx_word' id='word_1_101' title='bbox 737 1489 902 1543; x_wconf 87' lang='lat' dir='ltr'><em>monitorem</em></span> <span class='ocrx_word' id='word_1_102' title='bbox 925 1487 1008 1559; x_wconf 79' lang='lat' dir='ltr'><em>offici</em></span> <span class='ocrx_word' id='word_1_103' title='bbox 1026 1487 1087 1543; x_wconf 82' lang='lat' dir='ltr'><em>sni:</em></span> <span class='ocrx_word' id='word_1_104' title='bbox 1111 1486 1229 1562; x_wconf 83' lang='lat' dir='ltr'><em>deniqne</em></span> <span class='ocrx_word' id='word_1_105' title='bbox 1250 1507 1336 1564; x_wconf 76' lang='lat' dir='ltr'><em>ange·</em></span> 
     </span>
     <span class='ocr_line' id='line_1_12' title="bbox 192 1587 1334 1663; baseline 0.007 -22"><span class='ocrx_word' id='word_1_106' title='bbox 192 1593 237 1641; x_wconf 88' lang='lat' dir='ltr'><em>tur</em></span> <span class='ocrx_word' id='word_1_107' title='bbox 257 1587 296 1643; x_wconf 90' lang='lat' dir='ltr'><em>vis</em></span> <span class='ocrx_word' id='word_1_108' title='bbox 319 1597 347 1646; x_wconf 92' lang='lat' dir='ltr'><em>et</em></span> <span class='ocrx_word' id='word_1_109' title='bbox 368 1588 853 1661; x_wconf 81' lang='lat' dir='ltr'><em>gravitassententiae.cuuilla1·ius</em></span> <span class='ocrx_word' id='word_1_110' title='bbox 873 1588 938 1644; x_wconf 84' lang='lat' dir='ltr'><em>dicit</em></span> <span class='ocrx_word' id='word_1_111' title='bbox 959 1606 1028 1651; x_wconf 87' lang='lat' dir='ltr'><em>oum,</em></span> <span class='ocrx_word' id='word_1_112' title='bbox 1052 1604 1131 1660; x_wconf 91' lang='lat' dir='ltr'><em>quem</em></span> <span class='ocrx_word' id='word_1_113' title='bbox 1147 1590 1334 1663; x_wconf 82' lang='lat' dir='ltr'><em>inperatorem</em></span> 
     </span>
     <span class='ocr_line' id='line_1_13' title="bbox 190 1688 1334 1765; baseline 0.005 -21"><span class='ocrx_word' id='word_1_114' title='bbox 190 1688 308 1764; x_wconf 87' lang='lat' dir='ltr'><em>populus</em></span> <span class='ocrx_word' id='word_1_115' title='bbox 337 1691 462 1754; x_wconf 86' lang='lat' dir='ltr'><em>iusserit,</em></span> <span class='ocrx_word' id='word_1_116' title='bbox 488 1691 569 1749; x_wconf 85' lang='lat' dir='ltr'><em>alituu</em></span> <span class='ocrx_word' id='word_1_117' title='bbox 593 1708 737 1765; x_wconf 87' lang='lat' dir='ltr'><em>quaerere,</em></span> <span class='ocrx_word' id='word_1_118' title='bbox 768 1691 814 1764; x_wconf 90' lang='lat' dir='ltr'><em>qui</em></span> <span class='ocrx_word' id='word_1_119' title='bbox 838 1708 900 1746; x_wconf 87' lang='lat' dir='ltr'><em>rere</em></span> <span class='ocrx_word' id='word_1_120' title='bbox 926 1690 966 1745; x_wconf 91' lang='lat' dir='ltr'><em>illi</em></span> <span class='ocrx_word' id='word_1_121' title='bbox 995 1689 1136 1764; x_wconf 80' lang='lat' dir='ltr'><em>inperator</em></span> <span class='ocrx_word' id='word_1_122' title='bbox 1162 1691 1208 1747; x_wconf 84' lang='lat' dir='ltr'><em>sit.</em></span> <span class='ocrx_word' id='word_1_123' title='bbox 1246 1692 1334 1750; x_wconf 86' lang='lat' dir='ltr'><em>Paulo</em></span> 
     </span>
     <span class='ocr_line' id='line_1_14' title="bbox 190 1790 1335 1869; baseline 0.002 -18"><span class='ocrx_word' id='word_1_124' title='bbox 190 1794 254 1862; x_wconf 69' lang='lat' dir='ltr'><em>tulit</em></span> <span class='ocrx_word' id='word_1_125' title='bbox 273 1798 313 1854; x_wconf 75' lang='lat' dir='ltr'><em>tr.</em></span> <span class='ocrx_word' id='word_1_126' title='bbox 335 1811 396 1849; x_wconf 89' lang='lat' dir='ltr'><em>cum</em></span> <span class='ocrx_word' id='word_1_127' title='bbox 420 1793 449 1854; x_wconf 73' lang='lat' dir='ltr'><em>‘ll</em></span> <span class='ocrx_word' id='word_1_128' title='bbox 469 1811 530 1850; x_wconf 91' lang='lat' dir='ltr'><em>cum</em></span> <span class='ocrx_word' id='word_1_129' title='bbox 551 1794 690 1850; x_wconf 85' lang='lat' dir='ltr'><em>nonnullis</em></span> <span class='ocrx_word' id='word_1_130' title='bbox 711 1794 831 1869; x_wconf 87' lang='lat' dir='ltr'><em>optumis</em></span> <span class='ocrx_word' id='word_1_131' title='bbox 849 1791 963 1848; x_wconf 81' lang='lat' dir='ltr'><em>alterins</em></span> <span class='ocrx_word' id='word_1_132' title='bbox 986 1790 1098 1865; x_wconf 73' lang='lat' dir='ltr'><em>generis</em></span> <span class='ocrx_word' id='word_1_133' title='bbox 1121 1791 1198 1849; x_wconf 85' lang='lat' dir='ltr'><em>libris</em></span> <span class='ocrx_word' id='word_1_134' title='bbox 1217 1813 1335 1853; x_wconf 87' lang='lat' dir='ltr'><em>eouseu·</em></span> 
     </span>
     <span class='ocr_line' id='line_1_15' title="bbox 191 1890 1332 1969; baseline 0.007 -22"><span class='ocrx_word' id='word_1_135' title='bbox 191 1890 241 1949; x_wconf 90' lang='lat' dir='ltr'><em>liat</em></span> <span class='ocrx_word' id='word_1_136' title='bbox 263 1912 378 1968; x_wconf 88' lang='lat' dir='ltr'><em>eumque</em></span> <span class='ocrx_word' id='word_1_137' title='bbox 401 1896 510 1969; x_wconf 73' lang='lat' dir='ltr'><em>gravior</em></span> <span class='ocrx_word' id='word_1_138' title='bbox 536 1896 573 1951; x_wconf 90' lang='lat' dir='ltr'><em>sit</em></span> <span class='ocrx_word' id='word_1_139' title='bbox 599 1897 697 1959; x_wconf 85' lang='lat' dir='ltr'><em>oratio,</em></span> <span class='ocrx_word' id='word_1_140' title='bbox 726 1896 749 1951; x_wconf 91' lang='lat' dir='ltr'><em>si</em></span> <span class='ocrx_word' id='word_1_141' title='bbox 771 1895 810 1950; x_wconf 92' lang='lat' dir='ltr'><em>illi</em></span> <span class='ocrx_word' id='word_1_142' title='bbox 832 1912 886 1950; x_wconf 93' lang='lat' dir='ltr'><em>nou</em></span> <span class='ocrx_word' id='word_1_143' title='bbox 908 1892 997 1950; x_wconf 90' lang='lat' dir='ltr'><em>solum</em></span> <span class='ocrx_word' id='word_1_144' title='bbox 1026 1900 1084 1949; x_wconf 88' lang='lat' dir='ltr'><em>acta</em></span> <span class='ocrx_word' id='word_1_145' title='bbox 1112 1896 1258 1959; x_wconf 77' lang='lat' dir='ltr'><em>ruariorum.</em></span> <span class='ocrx_word' id='word_1_146' title='bbox 1290 1906 1332 1955; x_wconf 88' lang='lat' dir='ltr'><em>set</em></span> 
     </span>
     <span class='ocr_line' id='line_1_16' title="bbox 189 1994 1332 2072; baseline 0.008 -22"><span class='ocrx_word' id='word_1_147' title='bbox 189 1994 270 2051; x_wconf 88' lang='lat' dir='ltr'><em>etiam</em></span> <span class='ocrx_word' id='word_1_148' title='bbox 286 1997 449 2054; x_wconf 83' lang='lat' dir='ltr'><em>Graecorum</em></span> <span class='ocrx_word' id='word_1_149' title='bbox 465 2006 610 2072; x_wconf 84' lang='lat' dir='ltr'><em>praecepta</em></span> <span class='ocrx_word' id='word_1_150' title='bbox 632 1997 724 2069; x_wconf 73' lang='lat' dir='ltr'><em>legero</em></span> <span class='ocrx_word' id='word_1_151' title='bbox 747 1997 880 2058; x_wconf 86' lang='lat' dir='ltr'><em>dicautur,</em></span> <span class='ocrx_word' id='word_1_152' title='bbox 900 1995 988 2071; x_wconf 88' lang='lat' dir='ltr'><em>probo</em></span> <span class='ocrx_word' id='word_1_153' title='bbox 1006 1994 1077 2069; x_wconf 87' lang='lat' dir='ltr'><em>qnod</em></span> <span class='ocrx_word' id='word_1_154' title='bbox 1102 1995 1235 2055; x_wconf 83' lang='lat' dir='ltr'><em>Linlerus</em></span> <span class='ocrx_word' id='word_1_155' title='bbox 1257 2018 1332 2059; x_wconf 88' lang='lat' dir='ltr'><em>reee-</em></span> 
     </span>
     <span class='ocr_line' id='line_1_17' title="bbox 189 2095 1332 2169; baseline 0.008 -18"><span class='ocrx_word' id='word_1_156' title='bbox 189 2095 231 2169; x_wconf 91' lang='lat' dir='ltr'><em>pit</em></span> <span class='ocrx_word' id='word_1_157' title='bbox 246 2104 273 2154; x_wconf 91' lang='lat' dir='ltr'><em>et</em></span> <span class='ocrx_word' id='word_1_158' title='bbox 297 2106 363 2155; x_wconf 90' lang='lat' dir='ltr'><em>aeta</em></span> <span class='ocrx_word' id='word_1_159' title='bbox 386 2103 535 2158; x_wconf 84' lang='lat' dir='ltr'><em>maiorum.</em></span> <span class='ocrx_word' id='word_1_160' title='bbox 574 2102 609 2155; x_wconf 83' lang='lat' dir='ltr'><em>bt</em></span> <span class='ocrx_word' id='word_1_161' title='bbox 629 2099 703 2156; x_wconf 88' lang='lat' dir='ltr'><em>nulla</em></span> <span class='ocrx_word' id='word_1_162' title='bbox 725 2116 820 2156; x_wconf 87' lang='lat' dir='ltr'><em>caussa</em></span> <span class='ocrx_word' id='word_1_163' title='bbox 841 2107 898 2160; x_wconf 88' lang='lat' dir='ltr'><em>est,</em></span> <span class='ocrx_word' id='word_1_164' title='bbox 925 2115 975 2153; x_wconf 81' lang='lat' dir='ltr'><em>eiu</em></span> <span class='ocrx_word' id='word_1_165' title='bbox 1005 2097 1075 2152; x_wconf 83' lang='lat' dir='ltr'><em>inira</em></span> <span class='ocrx_word' id='word_1_166' title='bbox 1097 2104 1132 2158; x_wconf 72' lang='lat'><em>23</em></span> <span class='ocrx_word' id='word_1_167' title='bbox 1157 2115 1258 2157; x_wconf 84' lang='lat' dir='ltr'><em>eornm</em></span> <span class='ocrx_word' id='word_1_168' title='bbox 1286 2104 1332 2160; x_wconf 89' lang='lat' dir='ltr'><em>ad·</em></span> 
     </span>
     <span class='ocr_line' id='line_1_18' title="bbox 189 2198 1331 2278; baseline 0.008 -26"><span class='ocrx_word' id='word_1_169' title='bbox 189 2214 285 2256; x_wconf 88' lang='lat' dir='ltr'><em>vorsus</em></span> <span class='ocrx_word' id='word_1_170' title='bbox 308 2220 441 2260; x_wconf 89' lang='lat' dir='ltr'><em>summum</em></span> <span class='ocrx_word' id='word_1_171' title='bbox 463 2211 637 2278; x_wconf 85' lang='lat' dir='ltr'><em>optumarum</em></span> <span class='ocrx_word' id='word_1_172' title='bbox 663 2201 797 2257; x_wconf 89' lang='lat' dir='ltr'><em>librorum</em></span> <span class='ocrx_word' id='word_1_173' title='bbox 818 2216 981 2256; x_wconf 88' lang='lat' dir='ltr'><em>eonsensum</em></span> <span class='ocrx_word' id='word_1_174' title='bbox 1003 2198 1138 2256; x_wconf 85' lang='lat' dir='ltr'><em>eiciamus.</em></span> <span class='ocrx_word' id='word_1_175' title='bbox 1179 2201 1282 2261; x_wconf 79' lang='lat' dir='ltr'><em>Giintra</em></span> <span class='ocrx_word' id='word_1_176' title='bbox 1296 2212 1331 2267; x_wconf 71' lang='lat'><em>29</em></span> 
     </span>
     <span class='ocr_line' id='line_1_19' title="bbox 190 2300 1331 2376; baseline 0.002 -14"><span class='ocrx_word' id='word_1_177' title='bbox 190 2300 329 2362; x_wconf 64' lang='lat' dir='ltr'><em>atterum</em></span> <span class='ocrx_word' id='word_1_178' title='bbox 351 2324 472 2362; x_wconf 78' lang='lat' dir='ltr'><em>servasse</em></span> <span class='ocrx_word' id='word_1_179' title='bbox 491 2322 552 2361; x_wconf 89' lang='lat' dir='ltr'><em>eum</em></span> <span class='ocrx_word' id='word_1_180' title='bbox 575 2304 645 2361; x_wconf 88' lang='lat' dir='ltr'><em>ratio</em></span> <span class='ocrx_word' id='word_1_181' title='bbox 668 2303 789 2360; x_wconf 88' lang='lat' dir='ltr'><em>ostendit</em></span> <span class='ocrx_word' id='word_1_182' title='bbox 806 2334 842 2343; x_wconf 90' lang='lat'>-</span> <span class='ocrx_word' id='word_1_183' title='bbox 860 2303 960 2376; x_wconf 81' lang='lat' dir='ltr'><em>qnippe</em></span> <span class='ocrx_word' id='word_1_184' title='bbox 977 2301 1091 2357; x_wconf 81' lang='lat' dir='ltr'><em>advorso</em></span> <span class='ocrx_word' id='word_1_185' title='bbox 1113 2312 1225 2376; x_wconf 85' lang='lat' dir='ltr'><em>pectore</em></span> <span class='ocrx_word' id='word_1_186' title='bbox 1246 2308 1331 2364; x_wconf 84' lang='lat' dir='ltr'><em>oonri·</em></span> 
     </span>
     <span class='ocr_line' id='line_1_20' title="bbox 189 2403 1331 2480; baseline 0.005 -21"><span class='ocrx_word' id='word_1_187' title='bbox 189 2420 240 2460; x_wconf 81' lang='lat' dir='ltr'><em>uiis</em></span> <span class='ocrx_word' id='word_1_188' title='bbox 262 2424 387 2479; x_wconf 75' lang='lat' dir='ltr'><em>pugnans</em></span> <span class='ocrx_word' id='word_1_189' title='bbox 410 2407 518 2463; x_wconf 86' lang='lat' dir='ltr'><em>volnera</em></span> <span class='ocrx_word' id='word_1_190' title='bbox 539 2406 652 2480; x_wconf 82' lang='lat' dir='ltr'><em>excipit,</em></span> <span class='ocrx_word' id='word_1_191' title='bbox 674 2414 716 2463; x_wconf 90' lang='lat' dir='ltr'><em>set</em></span> <span class='ocrx_word' id='word_1_192' title='bbox 736 2406 851 2461; x_wconf 83' lang='lat' dir='ltr'><em>aduorso</em></span> <span class='ocrx_word' id='word_1_193' title='bbox 873 2421 989 2478; x_wconf 88' lang='lat' dir='ltr'><em>corpore</em></span> <span class='ocrx_word' id='word_1_194' title='bbox 1012 2403 1146 2460; x_wconf 87' lang='lat' dir='ltr'><em>volnerari</em></span> <span class='ocrx_word' id='word_1_195' title='bbox 1168 2415 1261 2480; x_wconf 87' lang='lat' dir='ltr'><em>potest</em></span> <span class='ocrx_word' id='word_1_196' title='bbox 1282 2408 1331 2465; x_wconf 87' lang='lat' dir='ltr'><em>ali·</em></span> 
     </span>
     <span class='ocr_line' id='line_1_21' title="bbox 189 2499 1331 2585; baseline 0.007 -26"><span class='ocrx_word' id='word_1_197' title='bbox 189 2505 250 2579; x_wconf 91' lang='lat' dir='ltr'><em>quis</em></span> <span class='ocrx_word' id='word_1_198' title='bbox 272 2508 352 2563; x_wconf 88' lang='lat' dir='ltr'><em>etiam</em></span> <span class='ocrx_word' id='word_1_199' title='bbox 376 2509 481 2565; x_wconf 86' lang='lat' dir='ltr'><em>eminus</em></span> <span class='ocrx_word' id='word_1_200' title='bbox 501 2540 537 2549; x_wconf 98' lang='lat'><em>-</em></span> <span class='ocrx_word' id='word_1_201' title='bbox 562 2516 617 2565; x_wconf 89' lang='lat' dir='ltr'><em>tum</em></span> <span class='ocrx_word' id='word_1_202' title='bbox 642 2509 713 2583; x_wconf 88' lang='lat' dir='ltr'><em>quod</em></span> <span class='ocrx_word' id='word_1_203' title='bbox 737 2509 764 2564; x_wconf 92' lang='lat' dir='ltr'><em>iu</em></span> <span class='ocrx_word' id='word_1_204' title='bbox 792 2508 812 2563; x_wconf 89' lang='lat' dir='ltr'>P</span> <span class='ocrx_word' id='word_1_205' title='bbox 835 2514 862 2563; x_wconf 87' lang='lat' dir='ltr'><em>et</em></span> <span class='ocrx_word' id='word_1_206' title='bbox 881 2499 915 2562; x_wconf 86' lang='lat' dir='ltr'><em>P¹</em></span> <span class='ocrx_word' id='word_1_207' title='bbox 945 2506 1011 2561; x_wconf 91' lang='lat' dir='ltr'><em>illud</em></span> <span class='ocrx_word' id='word_1_208' title='bbox 1033 2523 1116 2580; x_wconf 83' lang='lat' dir='ltr'><em>super</em></span> <span class='ocrx_word' id='word_1_209' title='bbox 1133 2523 1258 2579; x_wconf 83' lang='lat' dir='ltr'><em>carpere</em></span> <span class='ocrx_word' id='word_1_210' title='bbox 1278 2528 1331 2585; x_wconf 84' lang='lat' dir='ltr'><em>pro</em></span> 
     </span>
     <span class='ocr_line' id='line_1_22' title="bbox 188 2606 1331 2685; baseline 0.007 -24"><span class='ocrx_word' id='word_1_211' title='bbox 188 2624 242 2662; x_wconf 84' lang='lat' dir='ltr'><em>rar.</em></span> <span class='ocrx_word' id='word_1_212' title='bbox 266 2607 326 2664; x_wconf 88' lang='lat' dir='ltr'><em>leet.</em></span> <span class='ocrx_word' id='word_1_213' title='bbox 352 2611 485 2685; x_wconf 83' lang='lat' dir='ltr'><em>seriptum</em></span> <span class='ocrx_word' id='word_1_214' title='bbox 515 2620 565 2667; x_wconf 90' lang='lat' dir='ltr'><em>est.</em></span> <span class='ocrx_word' id='word_1_215' title='bbox 607 2612 694 2667; x_wconf 89' lang='lat' dir='ltr'><em>Porro</em></span> <span class='ocrx_word' id='word_1_216' title='bbox 717 2618 759 2673; x_wconf 81' lang='lat'><em>30,</em></span> <span class='ocrx_word' id='word_1_217' title='bbox 782 2626 843 2665; x_wconf 86' lang='lat' dir='ltr'><em>otim</em></span> <span class='ocrx_word' id='word_1_218' title='bbox 875 2606 938 2662; x_wconf 90' lang='lat' dir='ltr'><em>libri</em></span> <span class='ocrx_word' id='word_1_219' title='bbox 966 2607 1152 2665; x_wconf 85' lang='lat' dir='ltr'><em>vetustissumi</em></span> <span class='ocrx_word' id='word_1_220' title='bbox 1179 2609 1226 2667; x_wconf 89' lang='lat' dir='ltr'><em>alii</em></span> <span class='ocrx_word' id='word_1_221' title='bbox 1254 2630 1331 2685; x_wconf 82' lang='lat' dir='ltr'><em>qaae</em></span> 
     </span>
     <span class='ocr_line' id='line_1_23' title="bbox 187 2709 1330 2785; baseline 0.007 -22"><span class='ocrx_word' id='word_1_222' title='bbox 187 2717 295 2781; x_wconf 80' lang='lat' dir='ltr'><em>epomet</em></span> <span class='ocrx_word' id='word_1_223' title='bbox 313 2714 460 2781; x_wconf 78' lang='lat' dir='ltr'><em>plurumis</em></span> <span class='ocrx_word' id='word_1_224' title='bbox 476 2714 622 2769; x_wconf 77' lang='lat' dir='ltr'><em>laboribus</em></span> <span class='ocrx_word' id='word_1_225' title='bbox 643 2720 671 2769; x_wconf 88' lang='lat' dir='ltr'><em>et</em></span> <span class='ocrx_word' id='word_1_226' title='bbox 685 2712 825 2785; x_wconf 81' lang='lat' dir='ltr'><em>perieulis</em></span> <span class='ocrx_word' id='word_1_227' title='bbox 847 2710 982 2782; x_wconf 72' lang='lat' dir='ltr'><em>quaesivi,</em></span> <span class='ocrx_word' id='word_1_228' title='bbox 1003 2709 1048 2764; x_wconf 86' lang='lat' dir='ltr'><em>alli</em></span> <span class='ocrx_word' id='word_1_229' title='bbox 1067 2725 1119 2782; x_wconf 84' lang='lat' dir='ltr'><em>epo</em></span> <span class='ocrx_word' id='word_1_230' title='bbox 1136 2713 1206 2768; x_wconf 80' lang='lat' dir='ltr'><em>meis</em></span> <span class='ocrx_word' id='word_1_231' title='bbox 1225 2715 1330 2785; x_wconf 82' lang='lat' dir='ltr'><em>ptarn·</em></span> 
     </span>
     <span class='ocr_line' id='line_1_24' title="bbox 188 2811 1328 2891; baseline 0.008 -27"><span class='ocrx_word' id='word_1_232' title='bbox 188 2813 255 2877; x_wconf 82' lang='lat' dir='ltr'><em>mis,</em></span> <span class='ocrx_word' id='word_1_233' title='bbox 286 2814 363 2886; x_wconf 80' lang='lat' dir='ltr'><em>pauci</em></span> <span class='ocrx_word' id='word_1_234' title='bbox 392 2821 500 2888; x_wconf 76' lang='lat' dir='ltr'><em>eportet</em></span> <span class='ocrx_word' id='word_1_235' title='bbox 523 2817 592 2870; x_wconf 83' lang='lat' dir='ltr'><em>meis</em></span> <span class='ocrx_word' id='word_1_236' title='bbox 616 2816 762 2886; x_wconf 84' lang='lat' dir='ltr'><em>plurumis</em></span> <span class='ocrx_word' id='word_1_237' title='bbox 789 2811 946 2872; x_wconf 82' lang='lat' dir='ltr'><em>exhibeant.</em></span> <span class='ocrx_word' id='word_1_238' title='bbox 975 2811 1027 2868; x_wconf 86' lang='lat' dir='ltr'><em>boc</em></span> <span class='ocrx_word' id='word_1_239' title='bbox 1055 2812 1224 2886; x_wconf 88' lang='lat' dir='ltr'><em>probandum</em></span> <span class='ocrx_word' id='word_1_240' title='bbox 1250 2824 1328 2891; x_wconf 89' lang='lat' dir='ltr'><em>puto.</em></span> 
     </span>
     <span class='ocr_line' id='line_1_25' title="bbox 188 2902 1329 2985; baseline 0.01 -20"><span class='ocrx_word' id='word_1_241' title='bbox 188 2910 280 2985; x_wconf 84' lang='lat' dir='ltr'><em>Neque</em></span> <span class='ocrx_word' id='word_1_242' title='bbox 305 2914 377 2970; x_wconf 90' lang='lat' dir='ltr'><em>euim</em></span> <span class='ocrx_word' id='word_1_243' title='bbox 399 2916 545 2972; x_wconf 88' lang='lat' dir='ltr'><em>absurdum</em></span> <span class='ocrx_word' id='word_1_244' title='bbox 577 2925 620 2973; x_wconf 86' lang='lat' dir='ltr'><em>est</em></span> <span class='ocrx_word' id='word_1_245' title='bbox 647 2916 736 2974; x_wconf 85' lang='lat' dir='ltr'><em>dicere</em></span> <span class='ocrx_word' id='word_1_246' title='bbox 764 2915 876 2971; x_wconf 87' lang='lat' dir='ltr'><em>llorium</em></span> <span class='ocrx_word' id='word_1_247' title='bbox 904 2902 940 2970; x_wconf 33' lang='lat' dir='ltr'><em>se*</em></span> <span class='ocrx_word' id='word_1_248' title='bbox 960 2913 1129 2970; x_wconf 89' lang='lat' dir='ltr'><em>nobilitatem</em></span> <span class='ocrx_word' id='word_1_249' title='bbox 1156 2932 1211 2972; x_wconf 89' lang='lat' dir='ltr'><em>non</em></span> <span class='ocrx_word' id='word_1_250' title='bbox 1238 2919 1329 2976; x_wconf 85' lang='lat' dir='ltr'><em>solum</em></span> 
     </span>
     <span class='ocr_line' id='line_1_26' title="bbox 188 3013 1328 3093; baseline 0.009 -25"><span class='ocrx_word' id='word_1_251' title='bbox 188 3013 295 3088; x_wconf 89' lang='lat' dir='ltr'><em>ipsum,</em></span> <span class='ocrx_word' id='word_1_252' title='bbox 332 3025 374 3072; x_wconf 89' lang='lat' dir='ltr'><em>set</em></span> <span class='ocrx_word' id='word_1_253' title='bbox 406 3019 488 3075; x_wconf 90' lang='lat' dir='ltr'><em>etiam</em></span> <span class='ocrx_word' id='word_1_254' title='bbox 526 3037 628 3075; x_wconf 90' lang='lat' dir='ltr'><em>summa</em></span> <span class='ocrx_word' id='word_1_255' title='bbox 661 3036 770 3075; x_wconf 91' lang='lat' dir='ltr'><em>suarum</em></span> <span class='ocrx_word' id='word_1_256' title='bbox 803 3017 900 3072; x_wconf 78' lang='lat' dir='ltr'><em>sirium</em></span> <span class='ocrx_word' id='word_1_257' title='bbox 935 3017 1111 3072; x_wconf 80' lang='lat' dir='ltr'><em>contentione</em></span> <span class='ocrx_word' id='word_1_258' title='bbox 1143 3034 1174 3073; x_wconf 90' lang='lat' dir='ltr'><em>ac</em></span> <span class='ocrx_word' id='word_1_259' title='bbox 1205 3021 1328 3093; x_wconf 81' lang='lat' dir='ltr'><em>periculo</em></span> 
     </span>
     <span class='ocr_line' id='line_1_27' title="bbox 188 3116 1328 3193; baseline 0.011 -24"><span class='ocrx_word' id='word_1_260' title='bbox 188 3116 367 3188; x_wconf 77' lang='lat' dir='ltr'><em>quaesivisse,</em></span> <span class='ocrx_word' id='word_1_261' title='bbox 397 3128 424 3175; x_wconf 87' lang='lat' dir='ltr'><em>et</em></span> <span class='ocrx_word' id='word_1_262' title='bbox 444 3121 498 3175; x_wconf 86' lang='lat' dir='ltr'><em>reri</em></span> <span class='ocrx_word' id='word_1_263' title='bbox 521 3120 636 3177; x_wconf 89' lang='lat' dir='ltr'><em>similius</em></span> <span class='ocrx_word' id='word_1_264' title='bbox 660 3129 701 3176; x_wconf 85' lang='lat' dir='ltr'><em>est</em></span> <span class='ocrx_word' id='word_1_265' title='bbox 723 3120 840 3175; x_wconf 85' lang='lat' dir='ltr'><em>alterum</em></span> <span class='ocrx_word' id='word_1_266' title='bbox 862 3125 977 3193; x_wconf 88' lang='lat' dir='ltr'><em>propter</em></span> <span class='ocrx_word' id='word_1_267' title='bbox 995 3118 1200 3176; x_wconf 87' lang='lat' dir='ltr'><em>similitudinem</em></span> <span class='ocrx_word' id='word_1_268' title='bbox 1221 3119 1328 3181; x_wconf 84' lang='lat' dir='ltr'><em>littera-</em></span> 
     </span>
     <span class='ocr_line' id='line_1_28' title="bbox 188 3198 1326 3295; baseline 0.009 -24"><span class='ocrx_word' id='word_1_269' title='bbox 188 3234 247 3272; x_wconf 89' lang='lat' dir='ltr'><em>rum</em></span> <span class='ocrx_word' id='word_1_270' title='bbox 271 3220 408 3283; x_wconf 81' lang='lat' dir='ltr'><em>excidisse,</em></span> <span class='ocrx_word' id='word_1_271' title='bbox 433 3238 512 3295; x_wconf 73' lang='lat' dir='ltr'><em>«quiam</em></span> <span class='ocrx_word' id='word_1_272' title='bbox 527 3221 655 3279; x_wconf 80' lang='lat' dir='ltr'><em>librarios</em></span> <span class='ocrx_word' id='word_1_273' title='bbox 672 3221 822 3277; x_wconf 88' lang='lat' dir='ltr'><em>orationem</em></span> <span class='ocrx_word' id='word_1_274' title='bbox 838 3198 1013 3294; x_wconf 68' lang='lat' dir='ltr'><em>subpleudam</em></span> <span class='ocrx_word' id='word_1_275' title='bbox 1031 3219 1178 3277; x_wconf 83' lang='lat' dir='ltr'><em>arbitratos</em></span> <span class='ocrx_word' id='word_1_276' title='bbox 1200 3242 1270 3281; x_wconf 86' lang='lat' dir='ltr'><em>esse.</em></span> <span class='ocrx_word' id='word_1_277' title='bbox 1289 3256 1326 3267; x_wconf 96' lang='lat'><em>-</em></span> 
     </span>
     <span class='ocr_line' id='line_1_29' title="bbox 187 3318 1374 3394; baseline 0.013 -25"><span class='ocrx_word' id='word_1_278' title='bbox 187 3318 312 3387; x_wconf 79' lang='lat' dir='ltr'><em>Quamvis</em></span> <span class='ocrx_word' id='word_1_279' title='bbox 335 3331 424 3379; x_wconf 90' lang='lat' dir='ltr'><em>autem</em></span> <span class='ocrx_word' id='word_1_280' title='bbox 446 3324 590 3381; x_wconf 86' lang='lat' dir='ltr'><em>uerendum</em></span> <span class='ocrx_word' id='word_1_281' title='bbox 614 3326 649 3380; x_wconf 86' lang='lat' dir='ltr'><em>sit</em></span> <span class='ocrx_word' id='word_1_282' title='bbox 665 3342 699 3380; x_wconf 92' lang='lat' dir='ltr'><em>ne</em></span> <span class='ocrx_word' id='word_1_283' title='bbox 714 3322 807 3379; x_wconf 82' lang='lat' dir='ltr'><em>iirultis</em></span> <span class='ocrx_word' id='word_1_284' title='bbox 826 3322 905 3378; x_wconf 87' lang='lat' dir='ltr'><em>uiuus</em></span> <span class='ocrx_word' id='word_1_285' title='bbox 928 3321 1097 3394; x_wconf 79' lang='lat' dir='ltr'><em>suspiriosus</em></span> <span class='ocrx_word' id='word_1_286' title='bbox 1115 3323 1214 3387; x_wconf 84' lang='lat' dir='ltr'><em>videar,</em></span> <span class='ocrx_word' id='word_1_287' title='bbox 1237 3332 1326 3385; x_wconf 79' lang='lat' dir='ltr'><em>tanuen</em></span> <span class='ocrx_word' id='word_1_288' title='bbox 1371 3356 1374 3365; x_wconf 89' lang='grc'>·</span> 
     </span>
     <span class='ocr_line' id='line_1_30' title="bbox 187 3421 1328 3503; baseline 0.008 -27"><span class='ocrx_word' id='word_1_289' title='bbox 187 3421 271 3479; x_wconf 89' lang='lat' dir='ltr'><em>libere</em></span> <span class='ocrx_word' id='word_1_290' title='bbox 294 3425 416 3496; x_wconf 83' lang='lat' dir='ltr'><em>quaeda</em></span> <span class='ocrx_word' id='word_1_291' title='bbox 439 3427 558 3483; x_wconf 89' lang='lat' dir='ltr'><em>eiusdem</em></span> <span class='ocrx_word' id='word_1_292' title='bbox 588 3425 721 3483; x_wconf 87' lang='lat' dir='ltr'><em>orationis</em></span> <span class='ocrx_word' id='word_1_293' title='bbox 749 3426 775 3495; x_wconf 70' lang='lat' dir='ltr'><em>S.</em></span> <span class='ocrx_word' id='word_1_294' title='bbox 798 3432 829 3484; x_wconf 82' lang='lat'><em>41</em></span> <span class='ocrx_word' id='word_1_295' title='bbox 858 3423 973 3480; x_wconf 83' lang='lat' dir='ltr'><em>seutiam</em></span> <span class='ocrx_word' id='word_1_296' title='bbox 999 3440 1140 3498; x_wconf 82' lang='lat' dir='ltr'><em>exponam.</em></span> <span class='ocrx_word' id='word_1_297' title='bbox 1180 3425 1229 3483; x_wconf 88' lang='lat' dir='ltr'><em>Ubi</em></span> <span class='ocrx_word' id='word_1_298' title='bbox 1251 3437 1328 3503; x_wconf 82' lang='lat' dir='ltr'><em>post·</em></span> 
     </span>
     <span class='ocr_line' id='line_1_31' title="bbox 188 3524 1330 3603; baseline 0.007 -25"><span class='ocrx_word' id='word_1_299' title='bbox 188 3542 266 3597; x_wconf 90' lang='lat' dir='ltr'><em>quam</em></span> <span class='ocrx_word' id='word_1_300' title='bbox 287 3526 386 3583; x_wconf 85' lang='lat' dir='ltr'><em>llarius</em></span> <span class='ocrx_word' id='word_1_301' title='bbox 407 3529 502 3585; x_wconf 87' lang='lat' dir='ltr'><em>arerbe</em></span> <span class='ocrx_word' id='word_1_302' title='bbox 522 3529 642 3584; x_wconf 89' lang='lat' dir='ltr'><em>imectus</em></span> <span class='ocrx_word' id='word_1_303' title='bbox 671 3535 713 3583; x_wconf 89' lang='lat' dir='ltr'><em>est</em></span> <span class='ocrx_word' id='word_1_304' title='bbox 737 3526 764 3582; x_wconf 92' lang='lat' dir='ltr'><em>iu</em></span> <span class='ocrx_word' id='word_1_305' title='bbox 787 3525 955 3583; x_wconf 84' lang='lat' dir='ltr'><em>nobilitatem</em></span> <span class='ocrx_word' id='word_1_306' title='bbox 979 3526 1032 3582; x_wconf 90' lang='lat' dir='ltr'><em>ita:</em></span> <span class='ocrx_word' id='word_1_307' title='bbox 1064 3524 1138 3593; x_wconf 83' lang='lat' dir='ltr'><em>Quin</em></span> <span class='ocrx_word' id='word_1_308' title='bbox 1160 3544 1228 3601; x_wconf 81' lang='lat' dir='ltr'><em>erpa</em></span> <span class='ocrx_word' id='word_1_309' title='bbox 1252 3533 1330 3603; x_wconf 82' lang='lat' dir='ltr'><em>qaod</em></span> 
     </span>
     <span class='ocr_line' id='line_1_32' title="bbox 185 3626 1329 3701; baseline 0.01 -21"><span class='ocrx_word' id='word_1_310' title='bbox 185 3626 273 3693; x_wconf 79' lang='lat' dir='ltr'><em>iterat,</em></span> <span class='ocrx_word' id='word_1_311' title='bbox 295 3631 372 3699; x_wconf 67' lang='lat' dir='ltr'><em>quaed</em></span> <span class='ocrx_word' id='word_1_312' title='bbox 393 3646 494 3687; x_wconf 88' lang='lat' dir='ltr'><em>earnm</em></span> <span class='ocrx_word' id='word_1_313' title='bbox 517 3636 686 3696; x_wconf 79' lang='lat' dir='ltr'><em>aestirmant,</em></span> <span class='ocrx_word' id='word_1_314' title='bbox 709 3631 740 3685; x_wconf 87' lang='lat' dir='ltr'><em>id</em></span> <span class='ocrx_word' id='word_1_315' title='bbox 753 3643 867 3700; x_wconf 82' lang='lat' dir='ltr'><em>semper</em></span> <span class='ocrx_word' id='word_1_316' title='bbox 885 3627 1017 3699; x_wconf 82' lang='lat' dir='ltr'><em>faciant:</em></span> <span class='ocrx_word' id='word_1_317' title='bbox 1037 3635 1134 3684; x_wconf 75' lang='lat' dir='ltr'><em>anteat</em></span> <span class='ocrx_word' id='word_1_318' title='bbox 1147 3638 1258 3701; x_wconf 84' lang='lat' dir='ltr'><em>potent,</em></span> <span class='ocrx_word' id='word_1_319' title='bbox 1280 3634 1329 3691; x_wconf 85' lang='lat' dir='ltr'><em>nbi</em></span> 
     </span>
     <span class='ocr_line' id='line_1_33' title="bbox 187 3730 1326 3803; baseline 0.009 -20"><span class='ocrx_word' id='word_1_320' title='bbox 187 3731 408 3788; x_wconf 82' lang='lat' dir='ltr'><em>adolescentiam</em></span> <span class='ocrx_word' id='word_1_321' title='bbox 427 3733 554 3789; x_wconf 75' lang='lat' dir='ltr'><em>tetinero</em></span> <span class='ocrx_word' id='word_1_322' title='bbox 571 3734 609 3789; x_wconf 86' lang='lat' dir='ltr'><em>ibi</em></span> <span class='ocrx_word' id='word_1_323' title='bbox 628 3737 800 3787; x_wconf 84' lang='lat' dir='ltr'><em>senectutem</em></span> <span class='ocrx_word' id='word_1_324' title='bbox 823 3737 918 3803; x_wconf 76' lang='lat' dir='ltr'><em>aperit,</em></span> <span class='ocrx_word' id='word_1_325' title='bbox 944 3730 1008 3786; x_wconf 89' lang='lat' dir='ltr'><em>haec</em></span> <span class='ocrx_word' id='word_1_326' title='bbox 1021 3730 1191 3788; x_wconf 87' lang='lat' dir='ltr'><em>adiciuntur:</em></span> <span class='ocrx_word' id='word_1_327' title='bbox 1213 3736 1244 3789; x_wconf 84' lang='lat' dir='ltr'><em>in</em></span> <span class='ocrx_word' id='word_1_328' title='bbox 1258 3752 1326 3792; x_wconf 81' lang='lat' dir='ltr'><em>eon·</em></span> 
     </span>
     <span class='ocr_line' id='line_1_34' title="bbox 187 3832 1327 3911; baseline 0.008 -25"><span class='ocrx_word' id='word_1_329' title='bbox 187 3833 274 3901; x_wconf 81' lang='lat' dir='ltr'><em>viriis,</em></span> <span class='ocrx_word' id='word_1_330' title='bbox 295 3834 384 3890; x_wconf 83' lang='lat' dir='ltr'><em>dediti</em></span> <span class='ocrx_word' id='word_1_331' title='bbox 400 3837 494 3890; x_wconf 82' lang='lat' dir='ltr'><em>aratri</em></span> <span class='ocrx_word' id='word_1_332' title='bbox 514 3842 542 3891; x_wconf 89' lang='lat' dir='ltr'><em>et</em></span> <span class='ocrx_word' id='word_1_333' title='bbox 563 3836 757 3907; x_wconf 80' lang='lat' dir='ltr'><em>turpissumae</em></span> <span class='ocrx_word' id='word_1_334' title='bbox 776 3837 858 3905; x_wconf 84' lang='lat' dir='ltr'><em>parti</em></span> <span class='ocrx_word' id='word_1_335' title='bbox 879 3834 1019 3903; x_wconf 86' lang='lat' dir='ltr'><em>eorporis.</em></span> <span class='ocrx_word' id='word_1_336' title='bbox 1060 3832 1217 3908; x_wconf 84' lang='lat' dir='ltr'><em>Scripturae</em></span> <span class='ocrx_word' id='word_1_337' title='bbox 1240 3854 1327 3911; x_wconf 87' lang='lat' dir='ltr'><em>paene</em></span> 
     </span>
     <span class='ocr_line' id='line_1_35' title="bbox 186 3927 1325 4010; baseline 0.008 -24"><span class='ocrx_word' id='word_1_338' title='bbox 186 3931 260 3988; x_wconf 84' lang='lat' dir='ltr'><em>nulla</em></span> <span class='ocrx_word' id='word_1_339' title='bbox 288 3943 330 3990; x_wconf 87' lang='lat' dir='ltr'><em>est</em></span> <span class='ocrx_word' id='word_1_340' title='bbox 357 3937 487 3999; x_wconf 76' lang='lat' dir='ltr'><em>varietas:</em></span> <span class='ocrx_word' id='word_1_341' title='bbox 516 3935 591 3992; x_wconf 83' lang='lat' dir='ltr'><em>nihili</em></span> <span class='ocrx_word' id='word_1_342' title='bbox 620 3936 691 3993; x_wconf 87' lang='lat' dir='ltr'><em>enim</em></span> <span class='ocrx_word' id='word_1_343' title='bbox 720 3946 777 3998; x_wconf 83' lang='lat' dir='ltr'><em>est,</em></span> <span class='ocrx_word' id='word_1_344' title='bbox 814 3935 885 4010; x_wconf 90' lang='lat' dir='ltr'><em>quod</em></span> <span class='ocrx_word' id='word_1_345' title='bbox 916 3934 945 3995; x_wconf 76' lang='lat'><em>⁵13</em></span> <span class='ocrx_word' id='word_1_346' title='bbox 975 3941 1003 3990; x_wconf 91' lang='lat' dir='ltr'><em>et</em></span> <span class='ocrx_word' id='word_1_347' title='bbox 1025 3927 1057 3989; x_wconf 74' lang='lat'><em>1¹¹</em></span> <span class='ocrx_word' id='word_1_348' title='bbox 1089 3934 1225 4009; x_wconf 80' lang='lat' dir='ltr'><em>frequenti</em></span> <span class='ocrx_word' id='word_1_349' title='bbox 1258 3938 1325 3995; x_wconf 78' lang='lat' dir='ltr'><em>sitio</em></span> 
     </span>
     <span class='ocr_line' id='line_1_36' title="bbox 185 4020 1327 4114; baseline 0.007 -25"><span class='ocrx_word' id='word_1_350' title='bbox 185 4038 309 4091; x_wconf 80' lang='lat' dir='ltr'><em>eariaim&#39;s</em></span> <span class='ocrx_word' id='word_1_351' title='bbox 330 4038 466 4101; x_wconf 84' lang='lat' dir='ltr'><em>exhibent,</em></span> <span class='ocrx_word' id='word_1_352' title='bbox 489 4056 537 4094; x_wconf 87' lang='lat' dir='ltr'><em>noe</em></span> <span class='ocrx_word' id='word_1_353' title='bbox 558 4037 635 4093; x_wconf 89' lang='lat' dir='ltr'><em>libris</em></span> <span class='ocrx_word' id='word_1_354' title='bbox 655 4030 734 4113; x_wconf 67' lang='lat' dir='ltr'><em>plrp,</em></span> <span class='ocrx_word' id='word_1_355' title='bbox 759 4039 805 4112; x_wconf 91' lang='lat' dir='ltr'><em>qui</em></span> <span class='ocrx_word' id='word_1_356' title='bbox 828 4044 855 4114; x_wconf 83' lang='lat' dir='ltr'><em>et</em></span> <span class='ocrx_word' id='word_1_357' title='bbox 878 4038 1021 4099; x_wconf 87' lang='lat' dir='ltr'><em>ouuttuat,</em></span> <span class='ocrx_word' id='word_1_358' title='bbox 1043 4036 1187 4095; x_wconf 84' lang='lat' dir='ltr'><em>advorsum</em></span> <span class='ocrx_word' id='word_1_359' title='bbox 1208 4020 1327 4099; x_wconf 82' lang='lat' dir='ltr'><em>relicuo·¹</em></span> 
     </span>
     <span class='ocr_line' id='line_1_37' title="bbox 186 4138 1326 4218; baseline 0.009 -28"><span class='ocrx_word' id='word_1_360' title='bbox 186 4153 246 4191; x_wconf 87' lang='lat' dir='ltr'><em>rum</em></span> <span class='ocrx_word' id='word_1_361' title='bbox 271 4138 390 4195; x_wconf 89' lang='lat' dir='ltr'><em>omnium</em></span> <span class='ocrx_word' id='word_1_362' title='bbox 411 4158 574 4196; x_wconf 87' lang='lat' dir='ltr'><em>eonsensum</em></span> <span class='ocrx_word' id='word_1_363' title='bbox 605 4140 750 4213; x_wconf 87' lang='lat' dir='ltr'><em>quidquam</em></span> <span class='ocrx_word' id='word_1_364' title='bbox 777 4138 959 4196; x_wconf 86' lang='lat' dir='ltr'><em>trilmemlum.</em></span> <span class='ocrx_word' id='word_1_365' title='bbox 1004 4139 1057 4194; x_wconf 90' lang='lat' dir='ltr'><em>lam</em></span> <span class='ocrx_word' id='word_1_366' title='bbox 1085 4156 1136 4213; x_wconf 88' lang='lat' dir='ltr'><em>per</em></span> <span class='ocrx_word' id='word_1_367' title='bbox 1158 4158 1188 4196; x_wconf 86' lang='lat' dir='ltr'><em>se</em></span> <span class='ocrx_word' id='word_1_368' title='bbox 1212 4142 1326 4218; x_wconf 87' lang='lat' dir='ltr'><em>adparet</em></span> 
     </span>
     <span class='ocr_line' id='line_1_38' title="bbox 185 4240 1327 4316; baseline 0.008 -22"><span class='ocrx_word' id='word_1_369' title='bbox 185 4245 303 4295; x_wconf 75' lang='lat' dir='ltr'><em>extrema</em></span> <span class='ocrx_word' id='word_1_370' title='bbox 330 4240 410 4297; x_wconf 87' lang='lat' dir='ltr'><em>rerba</em></span> <span class='ocrx_word' id='word_1_371' title='bbox 437 4241 604 4315; x_wconf 78' lang='lat' dir='ltr'><em>praegressis</em></span> <span class='ocrx_word' id='word_1_372' title='bbox 629 4249 725 4297; x_wconf 89' lang='lat' dir='ltr'><em>ament</em></span> <span class='ocrx_word' id='word_1_373' title='bbox 744 4247 844 4312; x_wconf 89' lang='lat' dir='ltr'><em>potent</em></span> <span class='ocrx_word' id='word_1_374' title='bbox 870 4242 908 4297; x_wconf 87' lang='lat' dir='ltr'><em>ita</em></span> <span class='ocrx_word' id='word_1_375' title='bbox 937 4241 1101 4316; x_wconf 87' lang='lat' dir='ltr'><em>respondere</em></span> <span class='ocrx_word' id='word_1_376' title='bbox 1129 4250 1160 4298; x_wconf 89' lang='lat' dir='ltr'><em>ut</em></span> <span class='ocrx_word' id='word_1_377' title='bbox 1188 4243 1327 4303; x_wconf 79' lang='lat' dir='ltr'><em>ahiasmus</em></span> 
     </span>
     <span class='ocr_line' id='line_1_39' title="bbox 185 4337 1328 4419; baseline 0.011 -27"><span class='ocrx_word' id='word_1_378' title='bbox 185 4337 317 4396; x_wconf 83' lang='lat' dir='ltr'><em>adiuissus</em></span> <span class='ocrx_word' id='word_1_379' title='bbox 339 4341 383 4404; x_wconf 85' lang='lat' dir='ltr'><em>sit,</em></span> <span class='ocrx_word' id='word_1_380' title='bbox 406 4351 529 4399; x_wconf 81' lang='lat' dir='ltr'><em>oerurem</em></span> <span class='ocrx_word' id='word_1_381' title='bbox 553 4343 585 4398; x_wconf 89' lang='lat' dir='ltr'><em>ad</em></span> <span class='ocrx_word' id='word_1_382' title='bbox 603 4344 766 4417; x_wconf 88' lang='lat' dir='ltr'><em>potationes.</em></span> <span class='ocrx_word' id='word_1_383' title='bbox 789 4345 993 4415; x_wconf 80' lang='lat' dir='ltr'><em>trrrpissirmam</em></span> <span class='ocrx_word' id='word_1_384' title='bbox 1011 4350 1127 4415; x_wconf 87' lang='lat' dir='ltr'><em>partem</em></span> <span class='ocrx_word' id='word_1_385' title='bbox 1143 4349 1278 4419; x_wconf 84' lang='lat' dir='ltr'><em>eorporis</em></span> <span class='ocrx_word' id='word_1_386' title='bbox 1294 4347 1328 4405; x_wconf 86' lang='lat' dir='ltr'><em>ad</em></span> 
     </span>
     <span class='ocr_line' id='line_1_40' title="bbox 184 4442 1328 4524; baseline 0.011 -30"><span class='ocrx_word' id='word_1_387' title='bbox 184 4455 290 4497; x_wconf 88' lang='lat' dir='ltr'><em>amores</em></span> <span class='ocrx_word' id='word_1_388' title='bbox 315 4451 446 4518; x_wconf 84' lang='lat' dir='ltr'><em>spectare.</em></span> <span class='ocrx_word' id='word_1_389' title='bbox 489 4442 566 4512; x_wconf 82' lang='lat' dir='ltr'><em>Quod</em></span> <span class='ocrx_word' id='word_1_390' title='bbox 597 4445 620 4500; x_wconf 85' lang='lat' dir='ltr'><em>si</em></span> <span class='ocrx_word' id='word_1_391' title='bbox 643 4444 758 4509; x_wconf 74' lang='lat' dir='ltr'><em>iteret,</em></span> <span class='ocrx_word' id='word_1_392' title='bbox 787 4447 816 4502; x_wconf 83' lang='lat' dir='ltr'><em>in</em></span> <span class='ocrx_word' id='word_1_393' title='bbox 838 4447 974 4504; x_wconf 80' lang='lat' dir='ltr'><em>conatalis</em></span> <span class='ocrx_word' id='word_1_394' title='bbox 994 4462 1091 4524; x_wconf 87' lang='lat' dir='ltr'><em>parum</em></span> <span class='ocrx_word' id='word_1_395' title='bbox 1118 4444 1216 4523; x_wconf 82' lang='lat' dir='ltr'><em>placet.</em></span> <span class='ocrx_word' id='word_1_396' title='bbox 1259 4448 1328 4513; x_wconf 78' lang='lat' dir='ltr'><em>Nam</em></span> 
     </span>
    </p>
   </div>
   <div class='ocr_carea' id='block_1_3' title="bbox 0 0 1388 5010">
    <p class='ocr_par' dir='ltr' id='par_1_3' title="bbox 0 0 1388 5010">
     <span class='ocr_line' id='line_1_41' title="bbox 0 0 1388 5010; baseline 0 2"><span class='ocrx_word' id='word_1_397' title='bbox 0 0 1388 5010; x_wconf 95' lang='lat' dir='ltr'><em> </em></span> 
     </span>
    </p>
   </div>
  </div>
 </body>
</html>
