2768 5010
177 339 237 405 128
524 367 827 415 counnuramonmv
847 370 919 416 oar.
942 369 974 417 v.

175 536 217 584 set
236 523 360 582 malivola
377 524 499 598 cogitare
510 525 691 583 manufestum
706 518 759 591 est,
779 544 847 602 ergo
860 527 894 584 de
909 527 1055 601 generibus
1072 526 1205 586 orationis
1222 530 1316 604 quaeri

175 648 230 687 non
253 645 343 705 posse,
367 628 399 683 de
419 625 462 683 eis
483 635 586 685 tautum
605 630 789 703 quaerendum
807 649 882 694 esse,
914 648 983 705 quae
1007 630 1197 688 malivolorum
1226 632 1316 688 oratio

175 741 287 807 tangere
305 731 402 804 possit.
447 729 519 798 Quae
535 749 597 788 cum
616 731 652 788 ita
673 732 736 796 siut,
760 732 803 789 bic
820 750 929 807 quoque
951 732 1027 790 locus
1045 751 1103 789 mea
1123 732 1232 807 quidem
1255 750 1317 789 sen·

175 835 260 910 tentia
283 851 352 907 quae
366 833 395 888 in
418 832 446 894 bl
463 833 501 889 sit
517 835 684 908 praestantia
704 834 793 891 docet.
813 866 850 876 -
870 836 1036 897 1811111111
1053 835 1264 906 paenitendum
1287 834 1316 895 ⁵3

175 936 345 1011 aliorumque
365 935 516 1009 scripturae
539 938 746 1007 paenitendum
768 938 859 994 statim
882 955 1056 1012 praeponam,
1078 955 1140 994 cum
1163 937 1222 993 cius
1244 938 1316 993 ratio

160 1010 282 1200 φη
303 1045 351 1094 aut
377 1054 445 1094 usus
473 1037 602 1112 exemplis
628 1039 813 1114 conprobatus
835 1040 927 1096 suerit.
957 1071 993 1081 -
1022 1047 1054 1101 at
1079 1041 1171 1111 porei
1187 1040 1217 1095 id
1235 1038 1316 1111 focio

210 1160 228 1198 n
251 1151 294 1198 est
315 1139 387 1216 quod
404 1138 555 1202 delendam,
577 1158 638 1198 eum
658 1141 709 1197 iam
729 1159 823 1198 ornnes
844 1142 894 1199 viri
916 1142 990 1199 docti
1013 1141 1040 1198 id
1063 1158 1154 1198 verum
1178 1158 1317 1198 11111111-

173 1244 315 1302 cesserint.
341 1273 378 1283 —
400 1242 447 1298 Set
468 1260 630 1317 quamquam
651 1243 772 1300 Vaticani
794 1261 943 1323 maxumam
965 1243 1043 1300 iidem
1065 1250 1146 1318 atque
1168 1243 1316 1299 auctorita·

175 1354 309 1404 temesae
330 1361 464 1418 agnosco,
495 1353 584 1401 tamen
611 1351 646 1406 32
668 1362 743 1417 quae
764 1348 803 1403 ud
824 1349 954 1404 uirtutem
974 1347 1137 1403 doctoribus
1155 1346 1227 1401 nibil
1242 1361 1316 1416 pro-

170 1448 303 1521 fuerant,
320 1464 375 1503 non
388 1444 568 1519 profuerunt
585 1445 706 1521 probavi,
724 1449 824 1524 quippe
839 1467 899 1505 eum
914 1427 1183 1523 plusquamperfecto
1201 1446 1314 1521 exprimi

173 1551 324 1606 videretur:
348 1565 417 1622 quae
437 1549 485 1611 eis,
511 1549 557 1624 qui
579 1549 736 1615 docuerant,
759 1568 814 1607 uon
833 1547 890 1607 eam
908 1550 1054 1608 utilitatem
1073 1548 1262 1623 praebuerant,
1284 1556 1316 1603 ut

173 1661 270 1726 postea
292 1651 421 1707 virtutem
443 1652 626 1713 ostenderent,
647 1650 801 1710 libertatem
825 1653 928 1710 seilicet
949 1659 1092 1709 tuerentur
1113 1668 1144 1706 ac
1166 1659 1314 1707 servarent.

173 1753 246 1822 Quae
267 1752 402 1809 sententia
424 1753 600 1810 confirmatur
627 1752 765 1811 Plutarchi
794 1755 965 1817 testimonio,
996 1752 1173 1828 quilleno.
1196 1758 1213 1812 2
1243 1753 1315 1809 bunc

172 1853 262 1913 locum
285 1856 321 1911 ita
344 1855 495 1930 expressit:
518 1843 558 1924 ὦς
578 1854 695 1930 γελοῖον
716 1841 753 1911 ὂν
781 1844 938 1932 γράμματα
958 1842 1126 1931 μανθάνειν
1151 1833 1193 1911 ὧν
1221 1849 1254 1909 οἱ
1270 1849 1312 1908 dv-

173 1948 314 2013 δάσκαλοι
328 1948 499 2013 δουλεύοιεν
514 1949 631 2032 ἑτέροις.
656 1988 693 1998 -
716 1965 749 2020 39
770 1958 800 2019 Q*
823 1976 857 2015 ue
878 1959 1024 2016 Linlrerum
1044 1957 1151 2031 quidem
1170 1957 1261 2017 movit,
1286 1964 1314 2011 ut

171 2061 319 2116 sordidum
342 2076 384 2114 me
405 2064 433 2116 et
453 2061 567 2116 iucivltv's
588 2061 714 2116 moribus
736 2061 818 2116 aiunt
839 2070 950 2136 recepto
965 2061 1103 2117 incultum
1119 2067 1244 2115 mutaret.
1284 2057 1314 2112 tv

172 2179 269 2219 vereor
290 2180 325 2219 ne
347 2161 425 2218 multi
446 2161 586 2219 clamaturi
614 2162 670 2217 sint
691 2163 817 2218 moribus
845 2164 883 2219 ita
905 2179 1132 2238 supervacaneum
1155 2177 1224 2216 esse.
1268 2160 1315 2215 Set

173 2265 198 2320 id
219 2283 333 2339 prorsus
356 2282 435 2338 nego,
458 2265 586 2338 quoniam
609 2264 660 2320 iam
681 2263 714 2320 ab
728 2263 881 2338 ignorantia
899 2264 1052 2322 litterarum
1066 2264 1099 2320 ad
1114 2280 1211 2320 rvovum
1226 2278 1325 2335 genus-

173 2365 312 2441 obprobri,
335 2384 425 2425 mores
448 2375 579 2439 agrestes,
604 2374 699 2423 orator
720 2368 826 2431 transit,
847 2385 915 2441 ergo
935 2367 1086 2424 docendum
1102 2366 1167 2428 luit,
1193 2382 1248 2438 quo
1271 2366 1314 2420 in·

171 2470 266 2524 cultus
286 2468 445 2543 pertineret.
489 2468 543 2524 Nee
564 2470 645 2525 credo
667 2468 818 2533 delaturos,
843 2470 888 2544 qui
912 2468 1070 2525 Sallustium
1090 2467 1231 2523 variandae
1254 2483 1315 2520 ora·

172 2570 255 2626 tionis
278 2570 429 2626 studiosum
451 2569 582 2626 ablativos
607 2579 635 2628 et
657 2573 811 2644 genetivos,
841 2590 910 2647 quos
930 2570 1069 2645 qualitatis
1091 2567 1258 2643 grammatici
1274 2568 1316 2623 di·

171 2679 250 2734 cunt,
279 2689 341 2729 cum
371 2671 508 2728 allectivis
535 2690 690 2748 conponere
713 2691 816 2730 aurasse
838 2673 971 2731 dictitent.
1015 2673 1051 2727 At
1072 2671 1137 2729 milri
1160 2687 1229 2744 quos
1251 2668 1314 2726 bois

171 2773 315 2848 scriptoris
336 2775 506 2830 consuetudo
529 2774 643 2837 habeat,
674 2792 706 2831 ex
728 2775 860 2832 librorum
882 2774 934 2831 fide
956 2792 989 2831 eo
1012 2774 1097 2847 magis
1119 2770 1313 2847 explorandum

172 2858 286 2938 videtur,
310 2893 364 2950 quo
381 2876 483 2933 certius
506 2895 585 2951 quam
608 2877 693 2934 multa
714 2876 817 2934 librarii
841 2876 881 2935 vel
900 2894 994 2934 errore
1015 2876 1056 2933 vel
1076 2873 1203 2934 consulto
1225 2881 1313 2930 muta-

171 2979 267 3042 verint,
289 2979 430 3052 eognitum
450 2978 545 3036 habeo.

256 3131 313 3204 lug.
336 3137 384 3194 86,
406 3140 423 3192 3
448 3149 521 3189 cara
542 3132 799 3190 vetustissumorum
822 3131 954 3189 librorum
976 3131 1112 3207 scriptura
1139 3138 1195 3194 est:
1223 3128 1257 3185 ab
1282 3145 1313 3184 ea

171 3250 245 3289 cure
265 3233 418 3306 proiectum
440 3233 551 3309 (quippe
567 3241 663 3310 aperto
679 3234 726 3292 illo
747 3233 775 3309 1)
798 3234 916 3291 dativum
937 3249 1027 3292 curae
1049 3232 1152 3306 genuit.
1197 3231 1236 3287 bd
1252 3249 1314 3288 serr·

173 3335 284 3392 tentiam
314 3336 493 3409 aptissumum
521 3336 587 3392 illud
614 3345 665 3393 est.
709 3335 782 3404 Quae
812 3337 883 3393 enim
912 3353 974 3392 cara
1000 3335 1143 3395 habemus.
1167 3349 1197 3389 ca
1222 3334 1312 3406 magni

172 3437 298 3501 iacimus,
325 3455 359 3494 ne
381 3439 535 3494 amittamus
557 3439 744 3514 providemus,
773 3440 893 3495 retinere
921 3447 948 3496 et
974 3454 1135 3495 conservare
1162 3435 1311 3492 studemus.

171 3540 219 3597 Cui
241 3541 325 3614 igitur
346 3559 394 3598 sua
416 3558 471 3597 non
493 3559 554 3598 cara
576 3549 649 3605 suut,
671 3540 693 3597 is
716 3541 794 3597 facile
816 3558 846 3597 ae
865 3538 992 3595 lubenter
1014 3556 1125 3614 quoquo
1145 3537 1255 3593 ducitur
1271 3555 1313 3593 se·

172 3643 273 3716 quitur,
296 3643 327 3698 ad
349 3642 500 3699 audendum
521 3651 633 3716 paratus
654 3650 852 3718 promptusque
874 3649 924 3698 est.
970 3639 1002 3697 Et
1025 3638 1151 3697 similiter
1167 3655 1256 3697 corus
1274 3639 1314 3694 di·
1370 3672 1373 3679 ,

171 3753 244 3802 ctum
269 3753 311 3800 111
333 3744 388 3808 Cat.
409 3747 667 3807 113111ιό1111·
687 3760 800 3816 semper
823 3746 917 3801 omniu
935 3761 1020 3816 quum
1043 3745 1131 3799 decus
1152 3748 1238 3813 utque
1254 3758 1313 3812 pu-

170 3849 268 3903 dicitie
287 3845 354 3917 suit.
388 3846 445 3920 lug.
471 3856 518 3910 15,
539 3855 556 3908 3
577 3849 679 3920 quibus
698 3848 800 3904 bonvm
822 3853 849 3902 et
870 3863 969 3904 aecum
991 3847 1096 3903 diuitiis
1117 3846 1311 3901 1111111111,

172 3956 212 4012 16,
235 3953 371 4020 spatiata
391 3951 490 4007 carior
508 3950 582 4021 fides
600 3967 685 4023 quiam
703 3951 830 4022 pecunia
849 3947 917 4022 suit.

257 4103 313 4176 lug.
336 4111 379 4167 88,
404 4113 415 4164 l
438 4121 499 4159 cum
521 4113 630 4161 constet
653 4105 787 4175 accipere
800 4088 840 4160 'de
859 4103 950 4164 modo,
973 4119 1028 4175 quo
1050 4100 1149 4174 aliquis
1166 4098 1311 4157 adveniens

173 4213 317 4267 tractetur,
348 4224 428 4281 saepe
456 4206 556 4263 dictum
578 4224 653 4268 1111,
674 4207 709 4262 de
731 4224 784 4280 qua
807 4223 835 4262 re
855 4205 921 4262 satis
941 4212 983 4259 est
1011 4203 1042 4258 ad
1069 4203 1153 4259 lexica
1178 4201 1311 4276 relegare,

172 4323 227 4363 nou
242 4308 319 4381 potui
344 4309 409 4383 quin
432 4310 575 4380 accipitur
597 4325 629 4365 ex
651 4309 769 4383 optumis
792 4307 869 4365 libris
892 4324 943 4383 pro
965 4323 1007 4369 eo,
1031 4306 1104 4380 quod
1119 4303 1239 4361 librariis
1262 4321 1310 4359 no·

92 4434 94 4438 ·
173 4409 226 4466 tius
249 4419 330 4473 esset,
355 4413 512 4486 reciperem.
