2768 5010
421 380 725 427 couurnncurronnu
747 378 820 424 cen.
843 380 887 422 ur.
965 388 974 401 r
1186 360 1227 421 47

134 535 174 607 [clu.
190 537 233 594 but.
253 546 293 601 39.
318 547 341 600 1.
364 539 442 595 euius
463 538 573 612 generis
595 555 667 596 nunc
692 537 780 594 iudico
798 553 858 623 esse
880 534 937 609 lug.
957 542 1000 598 88,
1023 543 1040 598 6
1059 538 1100 592 ito
1121 535 1229 610 Inpur-

133 639 184 694 tbun
200 649 243 698 cut
256 643 415 713 praesidiis
435 643 589 709 resedatum,
617 642 644 697 si
663 647 878 712 repeteretur,
900 645 950 695 aut
969 641 1080 711 proelio
1101 645 1228 696 certetu-

130 743 292 818 romuloque
312 743 374 801 loco
397 743 462 800 olim
479 743 613 819 disputavi
632 742 708 799 ouss.
732 760 758 816 p.
783 741 824 815 1),
846 750 941 798 contra
965 751 1093 816 poneret,
1115 741 1160 797 ubi
1181 749 1228 799 eut

129 845 190 916 queo
206 855 273 901 esset
296 847 385 902 oratio
404 855 486 920 atquc
503 846 638 920 scriptor,
662 844 703 901 vel
724 861 804 918 quem
829 842 987 918 loquentem
1006 844 1078 906 lecit,
1099 844 1228 901 distincte

128 962 147 1000 rc
161 949 283 1022 perspicue
305 949 430 1010 doceret,
459 956 506 1004 aut
526 948 577 1003 nisi
601 948 726 1004 adiuncta
747 944 845 1020 copula
869 954 979 1020 tempus
999 945 1038 1002 rel
1056 947 1152 1003 modus
1172 963 1227 1002 uon
1268 982 1276 996 .

126 1051 291 1123 perspiceretur
306 1045 338 1124 ¹),
362 1058 417 1111 aut,
441 1050 466 1105 id
487 1051 561 1124 quod
578 1050 760 1124 potissumum
778 1049 805 1103 iu
828 1048 972 1104 verborum
994 1047 1156 1124 temporales
1172 1048 1227 1105 lur-

126 1165 161 1205 mu
177 1152 245 1211 cadit.
269 1152 375 1227 aliquid
398 1152 497 1209 lactum
519 1169 578 1208 esse
600 1150 641 1207 vel
665 1167 720 1225 quo
745 1157 851 1225 tempus
873 1149 1032 1207 clesruiretur
1049 1148 1089 1205 vel
1104 1157 1136 1206 ut
1150 1167 1228 1225 prae·

126 1253 202 1310 teritum
224 1254 426 1328 significaretur
446 1254 590 1312 dicundum
613 1261 699 1316 essct,
729 1261 775 1308 aut
801 1252 917 1327 denique
945 1253 1057 1309 verbum
1082 1268 1145 1309 esse
1172 1271 1227 1310 nou

124 1354 203 1427 copulae
223 1355 312 1413 locum
336 1355 480 1420 obtineret,
500 1357 547 1413 sed
562 1356 713 1430 grauiorem
732 1355 783 1411 run
802 1353 914 1412 liaberet
938 1385 976 1396 -
999 1373 1060 1412 cum
1084 1355 1169 1429 igitur
1183 1356 1228 1411 ad·

123 1465 188 1526 pareat
215 1458 371 1515 omissionis
402 1458 536 1515 licentiam
565 1458 593 1513 in
620 1458 719 1514 iudicio
747 1474 778 1513 ac
805 1475 887 1514 sensu
914 1457 1025 1514 Sallusti
1055 1458 1134 1514 sitam
1159 1476 1228 1521 esse,

124 1571 193 1631 liguo
210 1560 294 1650 adpre
320 1560 466 1616 carendum
491 1568 548 1623 est,
577 1577 611 1616 ne
639 1559 703 1633 quid
733 1559 760 1614 iu
784 1557 861 1615 libris
888 1560 1062 1617 scribruudnm
1086 1561 1169 1616 luerit
1196 1578 1228 1616 ex

123 1656 344 1747 ruqureqnosmet
367 1663 419 1736 ipsi
442 1663 586 1718 clemente
615 1661 758 1735 scriptoris
779 1661 934 1718 finxerimus
962 1664 1154 1719 existumemns
1179 1680 1229 1738 po·

124 1758 169 1824 lin,
189 1781 264 1837 quam
290 1781 323 1820 cx
349 1765 389 1820 eis
416 1781 484 1838 quae
511 1771 608 1819 testata
634 1770 773 1837 suntque
796 1764 878 1819 enimi
906 1764 999 1820 habitu
1019 1765 1160 1840 scripserit
1188 1765 1229 1821 iu·

123 1858 216 1921 lerum,
260 1865 347 1939 lgitur
374 1866 430 1921 (lat.
456 1874 485 1928 5,
508 1873 525 1926 3
551 1881 644 1938 cupra
670 1882 756 1937 qoam
780 1868 914 1938 cuiquam
933 1869 1068 1923 credibile
1089 1874 1146 1936 cst,
1167 1884 1228 1922 cum

124 1964 218 2022 culmum
231 1974 356 2031 esseest,
369 1967 497 2041 qnoniam
513 1967 688 2040 praecederet
705 1983 729 2035 e,
745 1966 873 2023 credibile
889 1968 1018 2030 videatur,
1030 1987 1091 2025 cum
1109 1970 1229 2042 quumvis

124 2063 181 2122 rlrilr
196 2069 227 2123 sit
250 2076 277 2123 et
301 2067 398 2126 alacris
421 2067 551 2124 Catilinae
579 2068 670 2140 ingeni
692 2068 849 2144 descriptio,
874 2069 1159 2149 tamcu‘tranquillins
1181 2068 1229 2124 ali·

124 2166 165 2235 eall
180 2170 366 2245 interpositum
385 2187 515 2226 essenon
537 2169 654 2226 alienum
677 2171 721 2232 sit,
744 2171 860 2245 (leuique
877 2171 940 2228 Sall.
959 2189 1014 2227 non
1037 2172 1229 2247 vituperandus

124 2265 185 2328 nn
204 2271 253 2328 dici
276 2270 407 2328 uoluerit:
432 2290 514 2347 supra
537 2289 617 2346 quam
630 2289 653 2327 -a
673 2289 811 2348 quoquam
832 2272 961 2331 credibile
984 2273 1123 2335 habeatur,
1146 2270 1229 2329 libro·

124 2382 162 2425 ren
183 2375 243 2430 sctis
271 2371 421 2430 multorum
445 2390 595 2448 corumque
623 2383 791 2432 vetustorum
829 2377 984 2434 testimonia
1014 2393 1068 2432 non
1092 2376 1229 2432 reiciunrla

124 2478 181 2539 plut
199 2491 245 2531 uec
267 2477 354 2549 magis
379 2483 421 2538 20,
439 2485 466 2536 ll
493 2478 541 2533 coi
561 2478 642 2534 uirile
659 2480 803 2551 inperium
820 2485 877 2546 est,
901 2479 973 2553 quod
993 2479 1019 2535 ln
1043 2472 1112 2552 Eg²
1135 2495 1229 2553 super·

124 2574 235 2646 trriptun,
264 2578 291 2633 in
311 2573 339 2633 εἳ
360 2578 491 2634 omissum
512 2587 569 2641 est,
597 2581 728 2636 advorsus
754 2581 874 2638 omnium
901 2580 1064 2639 relicuerum
1087 2580 1165 2637 lirlcru
1191 2610 1227 2620 —

124 2685 164 2729 tau
176 2678 248 2734 etiam
263 2680 288 2735 ei
307 2678 379 2742 libri,
402 2679 429 2734 in
452 2680 551 2754 quibus
573 2682 646 2738 inest
666 2683 807 2757 scriptum,
828 2692 963 2741 testantur
980 2714 1016 2724 —
1035 2691 1077 2740 cst
1091 2682 1230 2758 expellun-

124 2770 165 2831 ltu
182 2780 272 2836 iudico.
307 2788 350 2843 46,
374 2782 541 2839 eleuteros
561 2793 672 2858 praeter
694 2784 745 2840 alia
763 2785 844 2842 ctiam
866 2792 940 2841 esset
957 2786 1108 2843 eiciundum
1131 2786 1230 2864 iudica·

125 2875 237 2937 utceotos
258 2886 409 2941 sententiae
435 2885 462 2940 in
490 2891 566 2941 tanto
588 2895 743 2943 ceterorum
766 2904 900 2943 consensu
920 2905 975 2943 non
996 2887 1062 2944 satis
1084 2904 1164 2960 grave
1188 2905 1230 2942 ar·

124 2990 247 3045 ltueutum
270 2995 321 3049 est,
348 2987 422 3061 quod
444 2986 464 3042 P
484 3004 557 3059 opus
575 2998 649 3055 erat,
672 2990 751 3064 pauci
773 2990 940 3046 recentiores
959 2989 1021 3045 libri
1043 2992 1080 3045 sit
1094 2990 1229 3045 exhibent.

149 3140 169 3201 lt
188 3148 236 3200 cfr.
256 3168 328 3216 queue
347 3153 411 3202 olim
430 3153 465 3201 acl
484 3152 543 3217 lug.
567 3152 648 3216 10,·ὶ
674 3161 731 3204 lore
755 3157 859 3211 solitus,
878 3172 968 3220 parum
991 3161 1153 3221 emptorolruu
1183 3161 1229 3206 est.

125 3237 143 3284 l·
155 3226 248 3286 ffl-llb
271 3246 300 3286 et
318 3236 398 3287 Obss.
418 3254 444 3302 p.
463 3237 646 3302 temporavi.
674 3255 867 3305 puraogrcssum
889 3244 1073 3290 simulaverituc
1096 3240 1165 3289 lenit
1183 3239 1230 3288 dn·

125 3304 647 3373 Romanasunteoniunctiviomissiex·
674 3325 776 3388 titiam,
795 3325 874 3375 simul
894 3325 1021 3390 adparet,
1042 3325 1065 3374 ui
1083 3331 1116 3373 sit
1135 3324 1230 3374 alliun-

124 3398 194 3460 ε’ψΙι
211 3405 314 3455 Tamen
327 3407 388 3472 lug.
399 3406 467 3470 53,7
481 3414 505 3457 ct
514 3424 598 3472 poene
612 3414 648 3457 r'n-
675 3415 748 3459 ctum
759 3415 842 3473 escol,
862 3425 916 3460 nou
928 3416 984 3459 tam
1003 3409 1035 3460 de
1055 3410 1133 3472 vitio,
1150 3423 1231 3472 quum

123 3485 226 3537 murto
235 3494 369 3541 adamnani
378 3494 480 3554 facinus
496 3494 647 3549 miserabile,
674 3494 745 3559 quod
768 3500 825 3561 tum
849 3495 962 3544 lecisset
985 3496 1016 3543 Β.
1042 3494 1161 3559 cogitari
1184 3509 1231 3557 po·

124 3569 250 3639 *ibiquue
266 3581 405 3640 praeterreri
416 3581 513 3643 epirites
531 3596 584 3630 reue
601 3596 648 3631 enc-
674 3580 769 3630 tuisse.
801 3580 842 3630 De
863 3579 951 3629 altero
970 3579 1028 3644 lug.
1051 3578 1137 3640 113,1
1157 3580 1232 3627 llaec

120 3650 264 3717 ricomeri,
283 3661 398 3711 facilius
417 3663 550 3713 toleratur
568 3681 648 3729 copu·
675 3664 783 3714 ‘libemus
806 3680 888 3713 secum
909 3667 965 3728 ipse
988 3666 1031 3713 diu
1053 3671 1152 3715 uolricus
1174 3670 1230 3712 troc-

123 3727 648 3813 heobscurio,<prouisumpraeceditpucue,
674 3751 730 3798 dem
749 3753 878 3813 proprisit,
902 3756 1012 3799 ceterum
1035 3751 1094 3800 dolo
1117 3767 1150 3798 nn
1172 3765 1231 3798 ecre

122 3826 141 3864 ²¹
153 3829 309 3892 perspicuum
328 3836 385 3893 est,
409 3833 563 3896 graviorem
588 3850 648 3885 ora·
674 3840 805 3883 cunctatus
820 3850 910 3898 porum
928 3839 1094 3898 conperimus,
1114 3851 1168 3884 non
1184 3834 1231 3883 ‹tu-

121 3900 197 3960 bouem
217 3929 291 3977 esec,
316 3915 389 3980 qnod
411 3918 528 3982 scriptor
554 3919 648 3983 legen·
675 3919 749 3969 bium
763 3925 814 3983 cst,
834 3920 899 3984 quin
912 3926 1043 3970 cunctetur
1054 3920 1232 3984 participium

121 3985 169 4041 tium
183 3999 282 4049 animos
300 3999 337 4048 ad
351 3999 389 4063 id,
409 4002 481 4066 quod
499 4005 649 4068 evenisset,
676 4011 755 4055 etex
778 4009 893 4068 promisit
912 4005 1078 4069 repetundus
1101 4006 1138 4055 sit
1161 4005 1232 4054 coni.

120 4084 197 4131 nureo
223 4099 304 4150 opere
332 4085 506 4138 intendisset.
548 4090 648 4140 Eorum
673 4091 827 4153 promiserit,
850 4106 928 4156 quem
948 4090 983 4139 nd
1002 4090 1108 4140 modum
1127 4106 1176 4139 uos
1194 4089 1233 4139 lo-

119 4151 222 4227 lucrinum,
240 4185 308 4235 quos
327 4171 356 4218 in
369 4170 451 4221 Obsi.
470 4175 600 4237 tractavi,
620 4176 648 4223 in
676 4176 794 4239 quuimurt
819 4176 865 4224 ‘Er
883 4174 1033 4240 vereprach
1050 4191 1089 4238 eu,
1108 4175 1142 4223 ob
1162 4173 1234 4223 uach

120 4239 184 4298 *llere
200 4252 255 4318 lug.
269 4253 341 4315 88,ss
357 4257 386 4304 id
401 4260 587 4307 ermedoeeribuc
601 4276 649 4324 quo
675 4259 888 4326 hinterlistigem
907 4262 972 4310 oder
992 4259 1169 4312 ornetlichem
1180 4260 1235 4309 Bc-

118 4328 232 4390 iturorum
247 4342 354 4404 pravior
371 4343 524 4399 adrederet,
549 4360 582 4392 on
600 4360 649 4394 mo-
676 4343 796 4405 denken‚
816 4345 852 4396 ist
870 4345 947 4396 nicht
965 4348 1084 4412 gemina!

117 4409 191 4470 We
206 4426 289 4490 luperci
301 4441 394 4490 pacem
410 4433 487 4494 atquc
500 4429 588 4479 bellum
600 4446 649 4478 mrc-
