2768 5010
447 361 751 405 cosnanrarronnn
769 360 839 405 car.
858 361 886 403 v.
1168 344 1226 408 109

92 518 177 594 iuopia
200 517 323 576 solvendi
348 535 378 576 se
401 518 503 575 moveri
524 534 625 591 negare
652 516 771 578 videtur.
801 533 881 590 quam
909 517 938 573 si
961 517 1030 588 qnia
1051 533 1226 588 —possem
1308 582 1313 591 ς

91 621 229 677 scribatur.
264 620 312 676 Set
327 637 395 695 quae
411 628 566 694 sequuntur
584 636 649 676 cnm
671 624 699 674 ct
721 620 822 674 olienis
839 620 999 674 nominibus
1014 635 1067 674 non
1087 617 1225 676 solumeo
1280 620 1289 643 ⁸

91 724 194 779 nomine
216 731 343 797 suspecta
365 729 443 784 sunt.
473 721 545 797 quod
569 719 714 777 Sallustius
742 727 770 775 et
795 736 941 794 numquam
969 739 1020 795 pro
1042 724 1126 775 etiem
1148 720 1224 784 dixit.

91 824 138 881 nisi
157 824 231 880 forte
253 824 286 879 lr.
308 823 341 879 lll
360 832 391 885 31
423 823 489 880 satis
516 830 622 879 certum
651 822 837 879 testimonium
865 839 925 878 esse
951 830 1046 896 putas.
1074 830 1117 878 set
1144 823 1225 879 etiam

90 925 159 999 prod
178 926 207 982 in
229 925 308 982 libris
330 925 530 982 vetustissnmis
552 933 580 981 et
597 919 727 999 ‘optumis
755 907 797 980 ¹vel
818 941 882 980 cnm
906 923 1035 979 omissum
1055 922 1098 979 vel
1118 932 1161 980 set
1183 923 1224 981 vel

90 1034 128 1082 ret
146 1035 175 1084 et
196 1026 330 1102 scripturn
352 1035 402 1083 est.
445 1025 522 1094 Quod
545 1025 606 1101 qnis
628 1043 683 1082 non
705 1025 777 1082 videt
799 1043 830 1080 es
852 1026 960 1082 scilicet
980 1026 1225 1101 perconpendium

91 1129 189 1203 scripto
211 1136 307 1185 natum
328 1130 406 1186 csse?
450 1128 587 1184 Librarius
610 1145 670 1183 cum
692 1135 719 1183 et
740 1126 780 1182 vel
796 1135 839 1183 set
853 1126 993 1200 legissent.
1012 1144 1076 1183 curn
1093 1127 1225 1185 delevisse

90 1231 151 1303 quil
175 1231 294 1287 mirum?
336 1231 479 1287 Postremo
500 1247 590 1286 trenno
613 1229 746 1286 acerbitas
769 1228 912 1303 quaedam.
937 1246 990 1301 qna
1019 1226 1133 1286 Catilina
1158 1229 1224 1287 illud

91 1331 265 1407 obprobrium
287 1332 390 1395 reiciat.
408 1331 557 1407 aptissume
580 1330 627 1388 illu
649 1331 775 1388 adiuncto
795 1330 964 1404 exprimitur.

170 1485 227 1542 (lat.
255 1491 297 1548 36.
317 1494 334 1546 5
357 1485 383 1540 in
406 1484 494 1541 verbis
516 1491 596 1541 tanta
615 1487 656 1540 ois
677 1474 769 1541 morbi
789 1484 832 1540 uli
849 1484 929 1540 tobes
945 1484 1101 1556 plerosque
1122 1487 1225 1543 ciuium

90 1590 196 1644 ramos
215 1589 364 1643 iaooserot
386 1603 464 1643 nemo
486 1585 645 1642 oblenderet
667 1584 727 1659 (eir.
750 1585 807 1660 lug.
827 1591 869 1648 32.
891 1591 908 1645 4
929 1570 1009 1640 tento
1029 1587 1071 1642 ais
1086 1590 1226 1646 ‹inaritioe

90 1693 196 1747 animos
215 1705 315 1747 corum
337 1691 423 1745 arelati
442 1689 521 1744 tabes
542 1691 698 1745 irivoserot.
743 1687 786 1743 Fr.
812 1688 823 1742 l
841 1692 884 1749 47,
902 1693 919 1747 9
944 1702 999 1742 nen
1017 1691 1173 1759 praeliamini
1192 1693 1225 1748 ii·

89 1796 208 1849 centiom
228 1794 368 1848 scelernm
390 1792 475 1864 qnasi
492 1791 584 1846 tabem
604 1791 643 1847 od
659 1794 785 1862 inteyros
803 1795 936 1846 contacta
958 1805 1098 1846 cresccre.
1137 1791 1169 1846 lV
1191 1798 1226 1854 26

88 1896 267 1968 quiquidem
289 1908 349 1950 mos
366 1899 397 1948 nt
419 1893 498 1949 tobes
518 1885 665 1949 inatrbem
683 1892 804 1963 coierit),
827 1890 879 1946 nisi
899 1890 926 1945 in
942 1890 1035 1948 multis
1051 1892 1128 1949 bonis
1147 1892 1225 1952 libris

88 1995 227 2070 legeretur
249 2002 336 2068 olqno
357 1997 401 2052 nli
422 1997 509 2061 tobes,
533 1995 606 2068 quod
628 2011 692 2050 casu
717 1992 833 2067 quodam
856 2001 902 2048 aut
922 2010 972 2067 per
991 1991 1164 2051 librariorum
1185 1995 1226 2052 lu·

87 2097 203 2154 bidinem
231 2096 344 2153 inlatum
371 2114 432 2153 esse
459 2113 573 2171 prorsus
601 2096 657 2152 veri
680 2093 811 2151 dissimile
837 2101 887 2149 est.
930 2092 1074 2152 Commode
1102 2114 1131 2152 ac
1158 2097 1232 2154 seite'

86 2199 171 2273 igitur
192 2199 324 2274 llanptius
340 2215 376 2256 oc
396 2200 483 2256 veluti
502 2199 581 2254 tobes
600 2197 724 2259 coniecit.
748 2204 790 2252 set
811 2196 866 2252 veri
889 2195 1005 2251 similior
1025 2197 1090 2252 milri
1112 2198 1167 2255 visa
1183 2207 1225 2256 est

84 2302 243 2358 coniectura
262 2301 321 2357 eius
341 2301 393 2356 viri
412 2301 494 2363 docti.
519 2300 564 2374 qui
586 2315 727 2357 censuram
750 2299 919 2354 novissumae
938 2298 1065 2354 editionis
1086 2298 1181 2355 Kritzii
1198 2301 1225 2357 in

85 2403 160 2459 tetis
180 2403 323 2459 litterariis
346 2401 379 2459 ab
398 2401 527 2458 Zarnckio
549 2401 629 2458 editis
652 2400 769 2475 scripsit,
792 2401 906 2456 Conradi
924 2400 1045 2457 darsiani
1068 2408 1099 2457 nt
1119 2402 1225 2476 opinor.

84 2510 150 2560 erut
166 2479 251 2578 puae·
269 2507 312 2560 uti
328 2505 415 2568 tobes.
445 2503 606 2579 praesertim
629 2520 690 2559 cnm
712 2502 872 2559 obscuratae
895 2503 922 2558 in
944 2503 1092 2579 archetypo
1115 2503 1224 2562 litterae

84 2623 114 2662 ae
133 2623 214 2663 voees
238 2605 331 2663 multis
352 2606 421 2665 locis
440 2604 661 2681 corruptelarum
684 2605 805 2679 origines
827 2605 936 2661 luerint.

70 2777 72 2783 '
170 2758 227 2815 Cat.
252 2766 301 2822 38,
324 2767 342 2821 3
367 2778 528 2835 quamquam
552 2775 610 2831 per
632 2761 682 2815 illo
700 2766 830 2831 temporo
859 2766 887 2814 et
913 2759 939 2814 in
963 2758 1081 2815 editione
1111 2778 1169 2818 mea
1198 2770 1226 2818 et

81 2859 149 2917 Nos.
175 2864 245 2918 dnn.
266 2861 342 2918 llll'l
364 2880 390 2937 p.
413 2867 464 2922 386
485 2880 526 2936 sq.
549 2860 665 2923 delendi.
687 2867 775 2917 tamen
796 2869 963 2918 cunctante
986 2868 1159 2935 optumarum
1180 2882 1226 2922 co·

81 2965 175 3019 dicum
197 2964 345 3020 consensui
367 2963 515 3020 eeilendum
537 2982 567 3020 ac
593 2970 660 3035 post
685 2965 735 3018 illo
755 2970 885 3033 temporo
913 2963 1083 3021 retinendum
1116 2983 1223 3023 censeo.

80 3065 142 3121 Illa
161 3073 292 3137 temporo
314 3065 407 3122 cadem
428 3066 547 3140 putanda
568 3073 640 3129 sunt,
664 3083 731 3140 quae
753 3065 834 3140 paulo
856 3072 918 3120 ante
941 3071 983 3127 37.
1007 3075 1034 3125 ll
1052 3067 1140 3123 verbis
1156 3069 1226 3124 mni·

79 3175 126 3222 tos
142 3174 211 3238 poet
232 3184 324 3225 annos
346 3165 409 3223 Sall.
429 3167 596 3241 significarit.
640 3168 686 3224 Set
710 3176 797 3224 tamen
817 3168 882 3223 sitio
902 3167 1031 3225 Sallustio
1055 3169 1225 3228 tribuendum

80 3277 141 3329 est.
166 3269 239 3342 quod
259 3268 292 3325 de
315 3269 414 3343 quilius
438 3269 605 3344 temporibus
633 3270 704 3326 dieat
735 3269 856 3343 legentes
878 3271 1009 3345 suspicari
1030 3273 1123 3346 potius
1145 3292 1225 3348 qnam

79 3371 192 3426 eilireeri
214 3370 350 3427 maluerit.
394 3370 471 3439 Quod
492 3372 604 3429 cumali
627 3373 687 3457 eins
706 3372 796 3428 studio
816 3373 1019 3447 perspicuitatis
1042 3374 1159 3431 alienum
1181 3394 1226 3432 es·

80 3473 225 3533 istnmem‚
264 3473 438 3530 scribundum
472 3475 578 3531 conicio
607 3482 674 3546 post
701 3474 798 3531 Sullae
826 3482 965 3546 ternpore.
1015 3475 1091 3543 Quod
1126 3495 1225 3533 noriren

77 3592 143 3631 cnm
165 3572 248 3630 sillae
265 3575 440 3639 scriberetur.
463 3576 620 3634 obscuratio
638 3574 791 3634 litterarum
811 3576 888 3633 laeilo
904 3595 1026 3633 errorem
1042 3579 1093 3634 illo
1112 3579 1225 3653 gignere

78 3677 183 3752 potuit.
609 3750 612 3761 Ι

168 3778 197 3832 ln
219 3777 273 3840 eis.
301 3796 370 3853 quac
399 3780 426 3836 in
448 3790 582 3837 conventu
604 3780 809 3856 philologorum
831 3780 1011 3855 Stuttgartiae
1038 3782 1071 3838 de
1095 3781 1224 3840 Sallustio

78 3881 200 3937 disserui
224 3879 286 3953 (vid.
307 3883 366 3937 Act.
389 3901 416 3956 p.
438 3881 473 3956 6),
491 3883 544 3939 diri
567 3883 633 3938 milri
651 3884 707 3938 Cat.
725 3891 767 3947 39.
788 3891 805 3942 l
826 3883 999 3940 scribundum
1023 3884 1105 3940 villeri
1120 3887 1176 3941 illis
1190 3889 1225 3942 si.

78 3983 164 4038 Cuius
185 3982 337 4039 sententiae
357 3993 516 4058 argumenta
538 3987 563 4040 in
585 3985 649 4041 diss.
673 4003 728 4058 qiro
751 3994 874 4060 tempore
892 4004 1002 4060 ‹puoqne
1030 3987 1145 4044 consilio
1168 3987 1225 4045 Sal·

79 4084 182 4141 lustius
197 4084 339 4141 Catilinam
354 4086 496 4161 scripsisse
515 4088 636 4144 rideatur
650 4086 765 4159 (Grinme
784 4087 861 4160 18⁴6)
876 4088 919 4144 bis
933 4089 1022 4144 verbis
1039 4107 1224 4166 exposueram.

80 4204 151 4262 qino
188 4187 317 4260 quoniam
344 4189 367 4243 is
394 4187 504 4245 libellus
532 4207 680 4264 paucorum
705 4190 732 4245 iu
759 4208 854 4246 manus
880 4190 964 4252 vonit.
995 4191 1020 4246 b.
1045 4191 1061 4246 l.
1087 4184 1225 4266 repetam:

81 4288 188 4351 „t'erba
209 4297 240 4344 nt
263 4288 389 4345 inlibris
411 4291 512 4366 scripta
535 4301 607 4353 sunt.
631 4309 695 4347 sane
717 4292 797 4349 aliter
818 4293 902 4366 accipi
925 4311 979 4349 raon
999 4302 1122 4367 possunt.
1145 4313 1225 4369 quam

81 4398 114 4447 ut
135 4391 273 4448 sententia
295 4393 422 4449 conmuni
445 4401 559 4467 quantas
583 4394 610 4450 in
632 4393 725 4451 turbas
747 4395 995 4471 periniationesquo
1017 4413 1109 4453 rerum
1129 4398 1225 4457 civitas
