2768 5010
431 352 737 401 eosusururrouuu
756 350 826 399 our.
845 342 888 398 ri.
1181 318 1227 394 ‘65

123 513 183 571 latere
201 514 287 578 malis,
309 530 344 571 an
367 513 517 588 glossatori
539 510 689 588 explicandi
712 511 846 573 studium,
877 509 942 585 quid
968 506 1000 564 ael
1027 508 1161 580 perducit
1187 508 1227 564 in·

122 614 266 689 tellegmrlnm
289 625 373 680 esset,
397 616 526 673 tribucre.
567 615 645 683 ouon
667 622 758 671 autern
773 613 905 670 Linlserus
931 613 1029 668 venire
1051 612 1135 677 iubet,
1158 629 1228 686 quac

120 717 175 774 reris
191 736 220 775 ne
242 718 351 775 [lortius
372 718 482 792 quidem
505 718 532 774 in
555 717 739 791 suspicionem
762 733 857 772 vocare
878 732 960 771 ausus
983 721 1033 777 est,
1054 714 1160 771 uncinis
1182 714 1228 769 ad-

120 820 188 892 positis
206 821 321 884 notavit,
350 819 484 882 admiror,
513 819 614 895 qnippe
642 837 704 876 curn
731 835 795 876 eum
821 818 987 874 custodibus
1012 818 1148 888 perducit
1174 815 1228 872 elici

119 935 156 977 non
171 941 243 996 posse
264 922 403 985 videatur,
431 921 499 977 nihil
524 930 614 979 sutem
640 922 727 995 magis
749 920 896 978 cavendum
917 919 962 981 sit,
989 935 1069 993 quam
1092 936 1126 975 nc
1146 918 1228 975 licen·

120 1020 162 1079 tion
178 1023 353 1099 scriptoribus
376 1023 551 1099 seiungamus.

176 1126 225 1181 Cat.
247 1132 292 1192 48,
315 1134 329 1185 l
354 1125 434 1181 rerlra
455 1127 653 1182 coniuratione
671 1123 822 1196 patefacto
845 1121 879 1178 alr
901 1120 1020 1197 linkoro
1048 1141 1100 1199 pro
1123 1125 1229 1198 glosse-

118 1232 167 1282 rote
181 1227 268 1283 habita
290 1235 364 1288 sunt,
387 1226 468 1285 credo
488 1227 591 1284 nullam
608 1226 689 1282 aliam
713 1225 749 1282 ob
770 1243 903 1286 caussam.
928 1242 1008 1299 qnam
1032 1226 1104 1298 qnod
1127 1228 1167 1284 eis
1188 1229 1228 1284 in·
1281 1238 1284 1257 ¹

119 1329 227 1401 tupesitis
243 1328 386 1385 relativum
406 1329 440 1385 ela
455 1347 489 1386 eo
507 1329 541 1385 ad
560 1329 633 1403 quod
648 1328 769 1403 pertinet
788 1336 939 1402 separatur.
971 1326 1037 1383 Nanr
1052 1337 1127 1385 certe
1143 1347 1228 1405 paene

119 1431 268 1487 nocerium
290 1431 398 1487 rieletnr
418 1439 449 1486 nt
470 1431 610 1506 adiciatur,
633 1447 685 1505 qua
707 1447 738 1486 re
759 1428 806 1485 illa
823 1429 923 1486 mentis
943 1429 1089 1488 inmutatio
1111 1432 1230 1490 incesse·

120 1528 216 1590 oleum
237 1531 348 1595 belluna,
371 1533 416 1590 cui
438 1533 518 1591 initio
540 1531 634 1608 plebes
654 1531 753 1590 lavisse
770 1531 878 1594 dicitnr,
909 1532 1028 1589 nondum
1055 1532 1161 1592 linitum
1183 1536 1228 1593 sit.

120 1628 219 1695 lunuliu
239 1634 340 1692 bellum
367 1635 444 1692 civile
470 1637 514 1709 agi
535 1634 675 1697 credebat,
696 1633 790 1709 plebes
813 1632 943 1690 Catilinae
963 1634 1082 1698 larebat,
1104 1639 1230 1696 coniura-

122 1730 179 1789 tionis
194 1735 304 1792 consilia
325 1735 494 1795 clandestina
517 1735 720 1799 reformidabat,
743 1752 812 1810 qnae
833 1735 887 1791 nisi
909 1736 1044 1809 potolaota
1063 1747 1156 1795 essent
1170 1759 1229 1798 non

124 1837 173 1889 tanta
189 1836 275 1895 sulsito
299 1840 414 1896 mutatio
436 1839 537 1895 inentis
560 1839 630 1894 laeta
653 1844 734 1893 esset.
775 1837 841 1892 Tum
867 1846 896 1894 ut
923 1839 1102 1897 concedamus
1123 1842 1229 1900 relativi

123 1932 247 1996 unionem
269 1940 296 1995 lr.
318 1940 336 1995 l.
358 1940 460 2016 aliquid
482 1941 578 1998 durius
599 1937 708 2001 habere,
733 1957 814 2014 quarn
835 1939 898 1996 inlr.
918 1941 945 2011 S.
961 1947 985 2000 4.
1008 1942 1066 2014 lug.
1086 1949 1110 2005 6,
1126 1952 1144 2006 3
1162 1945 1229 2019 (noli

124 2031 159 2092 lte
174 2057 224 2097 cnm
243 2041 350 2098 liritzio
372 2042 475 2098 relerre
499 2042 555 2116 lug.
580 2047 620 2105 ll.
641 2047 683 2103 23.
704 2048 745 2105 Ἠ,
768 2039 801 2113 8)
820 2048 902 2116 atquc
925 2035 992 2099 adeo
1015 2061 1095 2117 qnam
1116 2045 1175 2103 Tac.
1196 2048 1230 2104 ab

125 2152 162 2192 ese.
177 2139 198 2195 n.
216 2146 282 2216 Aug.
301 2142 311 2199 l
332 2149 375 2205 74.
409 2142 475 2200 Vell.
493 2144 513 2198 ll
532 2151 575 2207 47,
595 2150 620 2205 4.
644 2144 771 2217 quoniam
794 2143 830 2198 ibi
852 2144 885 2200 ab
903 2143 1016 2201 relativo
1032 2160 1130 2204 novum
1148 2166 1231 2205 ruem·

126 2234 177 2295 bron
193 2246 291 2320 incipit,
315 2254 404 2302 tamen
427 2246 455 2302 iu
477 2262 508 2302 eo
526 2263 555 2302 re
571 2263 626 2302 non
649 2245 859 2308 olrlenrlnnelum,
878 2247 994 2321 primurn
1010 2247 1072 2320 quia
1089 2265 1169 2305 nemo
1184 2251 1231 2324 qni

126 2341 180 2409 paulo
197 2347 330 2404 ultentior
357 2356 446 2410 esset,
475 2363 549 2420 quoe
570 2348 604 2404 ad
629 2349 855 2405 coniurationem
880 2347 1017 2405 relaturus
1040 2348 1106 2412 luit,
1134 2349 1231 2407 ‹leimle

126 2445 238 2504 notrum
262 2447 404 2506 relativum
423 2450 511 2507 artius
533 2468 600 2506 enm
616 2456 725 2507 mutata
749 2456 841 2506 mente
862 2449 1082 2524 coniungendnm
1103 2469 1163 2509 esse
1185 2454 1232 2509 ael·

126 2555 183 2612 puer,
201 2552 234 2606 ita
257 2560 288 2610 nt
310 2568 444 2624 quae-
460 2559 551 2608 mente
574 2553 601 2607 iu
618 2552 777 2625 parenthesi
798 2551 901 2608 adiecta
922 2570 983 2608 esse
1001 2560 1075 2609 recte
1097 2554 1230 2611 dicantur.

127 2638 217 2708 Eiusdem
237 2672 296 2729 cap.
319 2655 347 2726 S.
365 2661 383 2714 4
404 2664 472 2710 extr.
495 2634 584 2729 neque
607 2653 759 2726 scripturae
782 2653 906 2715 varietus,
929 2671 1018 2728 neque
1033 2655 1145 2735 Sallusti
1165 2675 1231 2716 con·

126 2752 207 2810 rutulo
228 2756 292 2812 milri
315 2757 384 2812 tanti
403 2758 458 2812 risa
480 2763 637 2818 suntote
659 2755 811 2812 eioinmlum
832 2772 979 2812 censerem.
1067 2752 1070 2763 ‘
1158 2760 1170 2786 ⁸

183 2856 275 2914 Contra
296 2857 464 2932 glossemate
483 2857 654 2931 inquinatum
676 2874 736 2913 esse
765 2858 877 2931 aelporet
899 2857 988 2914 locum
1011 2858 1066 2916 Cat.
1088 2867 1136 2923 49,
1161 2871 1169 2920 Ι
1198 2862 1230 2931 Q.

126 2945 255 3016 tristarer
280 2962 312 3016 G.
335 2960 403 3016 Piso
426 2975 517 3033 neque
534 2962 671 3032 precibus
692 2975 784 3031 neque
803 2962 901 3032 pretio
923 2976 1015 3032 neque
1032 2965 1134 3033 precio
1157 2964 1233 3021 Cice·

126 3067 192 3112 teum
215 3064 352 3135 inpellere
376 3068 508 3134 potuere.
546 3062 623 3122 u'am
651 3069 682 3117 nt
707 3062 897 3118 auctoritatem
924 3061 1054 3119 Prisciani
1080 3065 1102 3120 X
1131 3084 1157 3139 p.
1181 3074 1233 3128 539

126 3147 187 3221 llum
210 3165 255 3237 qni
278 3165 350 3221 lrunc
372 3163 463 3220 locum
485 3164 520 3220 olr
543 3164 657 3240 perlecti
682 3165 760 3236 quini
779 3181 859 3220 usum
884 3164 981 3220 mltnlit
1003 3196 1040 3206 -
1063 3183 1116 3241 qna
1134 3185 1163 3222 re
1186 3186 1234 3223 ne·

125 3265 436 3325 morisennensium
455 3266 540 3322 libros
556 3269 672 3339 quivere
693 3265 892 3322 restituendum
911 3297 948 3307 -
970 3267 997 3322 in
1014 3266 1124 3324 relicnis
1145 3270 1233 3326 verbis

84 3390 88 3400 ·
126 3359 185 3421 uiuus
203 3369 288 3425 valere
312 3369 470 3430 contentius,
491 3377 578 3424 tamen
599 3368 672 3443 quoel
700 3368 727 3424 in
749 3367 827 3423 lilrris
845 3368 953 3431 multis,
976 3370 1130 3426 recentiore
1154 3372 1233 3444 primi

126 3469 202 3527 tuem
222 3470 321 3527 lamilia
340 3471 514 3546 opturnisqne
535 3471 653 3532 secundi,
674 3470 818 3526 verborum
835 3471 903 3526 ordo
919 3471 1066 3527 inmutatus
1084 3481 1234 3534 estonum

127 3568 232 3627 tttrilrns
259 3572 314 3629 illis
337 3572 514 3629 substantivis
543 3591 575 3628 ox
602 3571 695 3646 glossa
725 3572 870 3647 inrepsisse
898 3573 1048 3629 conlirmat.
1092 3573 1145 3629 Nec
1166 3591 1235 3648 quo·

126 3678 208 3743 lutoque
229 3676 309 3731 morlo
336 3685 363 3731 te
387 3676 517 3737 torseris,
544 3677 657 3747 proriae
686 3673 815 3730 vocabulo
840 3689 946 3745 preces
968 3675 1103 3732 contineri
1134 3692 1235 3748 negare

127 3774 213 3839 interim
240 3793 288 3833 nec
315 3795 376 3834 cum
405 3776 459 3832 alio
488 3775 657 3834 substantivo
684 3776 859 3833 coniunctum
882 3775 949 3832 illud
977 3786 1032 3840 cst,
1063 3795 1143 3851 quam
1173 3795 1235 3835 cuna

124 3876 191 3934 Velio
208 3877 246 3934 rel
265 3882 392 3952 pecunia
415 3878 481 3952 (Cat.
505 3885 547 3941 52,
570 3885 612 3939 23.
634 3879 691 3952 lug.
716 3885 757 3940 16,
782 3887 803 3937 1.
827 3884 869 3942 27,
893 3886 917 3937 2.
940 3885 983 3943 29,
1002 3888 1026 3941 3.
1046 3888 1088 3943 35,
1110 3880 1146 3953 8).
1178 3881 1236 3936 Ne·

127 3984 163 4036 ere
179 3983 307 4048 precibus
335 3981 420 4054 igitur
448 3981 513 4055 quin
538 3980 730 4055 expellumlum
752 3981 788 4035 sit
811 3998 865 4036 non
887 3981 998 4038 slnlriuur
1027 3990 1078 4037 est.
1123 3984 1170 4037 Set
1190 3983 1237 4038 din

127 4072 262 4154 nullumque
284 4082 415 4139 haesitavi
438 4090 529 4138 utrnnr
551 4098 643 4155 neque
665 4085 872 4155 orationeque
892 4086 1006 4154 precio,
1029 4083 1100 4157 quorl
1125 4082 1236 4139 Sallusti

127 4173 205 4236 sotios
229 4184 424 4245 conrneuslant.
456 4201 490 4240 on
519 4202 579 4240 cum
608 4185 746 4242 Prisciano
774 4201 871 4259 sieque
895 4188 997 4257 precio
1024 4200 1115 4256 neque
1139 4188 1237 4257 protis

126 4276 267 4341 rotumum
292 4295 373 4343 esset.
424 4289 514 4360 Atque
550 4285 615 4342 illuri
650 4287 757 4360 qnislcm
786 4288 900 4343 suadere
927 4287 1068 4342 ridebatur
1099 4288 1171 4359 quorl
1200 4289 1239 4344 sic

127 4371 220 4441 llinires
237 4386 276 4443 illi
296 4407 310 4444 a
327 4389 424 4462 gratia,
440 4389 456 4443 i.
474 4406 497 4444 e.
513 4388 638 4462 precihus
654 4407 684 4445 ac
701 4389 953 4464 pollicitationibus.
977 4389 1008 4444 arl
1024 4389 1153 4463 proeium.
1177 4407 1239 4463 gra·

177 4497 518 4555 Suessetanum.
1011 4489 1030 4549 5
1105 4508 1110 4515 ·
