2768 5010
1104 288 1126 345 ἶ

445 410 669 454 nrsroarsnvn
690 410 754 451 ure.
776 409 787 450 1
813 369 945 455 90296.
1222 384 1263 447 ob

121 566 308 629 respondentis.
345 563 493 613 Sallrutr'ur:
512 563 551 612 ita
570 561 670 612 fiducia
689 576 769 626 quam
788 561 956 626 argumentis
975 560 1173 626 purgatiores.
1210 559 1264 623 Qui

123 635 255 699 cuiusque
276 633 316 681 rci
335 632 487 687 insimulati
506 632 617 692 inerint,
636 646 715 679 nemo
734 629 841 678 dixerit.

208 753 248 813 90
269 751 329 831 [lir.
346 757 388 809 89.
421 756 451 810 G.
468 749 526 829 91].
573 750 646 809 Cum
668 747 759 808 multa
774 748 942 809 dissereret
962 747 1038 810 ludis
1061 748 1184 826 Apollini
1208 747 1265 810 cir·

124 854 270 914 censibus,

208 974 286 1020 drus.
307 989 333 1037 p.
352 972 402 1020 245
421 985 482 1019 eum
500 969 629 1019 lemmate
649 971 701 1019 lurlr'
718 972 773 1019 Deo
790 976 856 1018 sunt.
887 968 1010 1018 Rectene
1023 969 1155 1027 dubitem,
1176 983 1264 1017 aunon
1360 983 1363 990 ·

124 1040 318 1104 grammaticus
331 1041 462 1103 deceptus
476 1037 549 1087 falsa
561 1038 706 1102 scriptura,
720 1039 836 1101 Apollini
846 1052 894 1101 pro
907 1037 1042 1100 Apollinis,
1055 1036 1105 1086 illa
1114 1035 1264 1100 scripserit,

124 1108 247 1157 indicent
266 1124 307 1156 me
327 1107 471 1156 doctiores.
509 1106 682 1169 Quamquam
701 1105 878 1155 obscuritatis
901 1104 1031 1154 tenebras
1050 1105 1077 1153 in
1096 1109 1152 1153 tam
1169 1103 1266 1168 paucis

126 1175 248 1240 reliquiis
267 1174 419 1223 diffundere
437 1172 508 1223 velle
529 1173 641 1221 arduum
661 1178 716 1231 est,
743 1177 836 1223 tamen
855 1171 922 1221 illud
941 1176 1045 1222 certum
1063 1172 1184 1230 videtur,
1209 1186 1267 1221 rem

126 1243 263 1292 insolitam
284 1243 369 1291 fuisse
388 1242 463 1290 utin
483 1240 552 1289 ludis
572 1240 670 1304 aliquis
690 1241 724 1290 ad
737 1240 864 1305 populum
877 1240 991 1301 diceret,
1010 1254 1098 1304 neque
1116 1239 1144 1288 id
1163 1240 1267 1289 lactum

39 1358 45 1368 ,
127 1327 202 1369 csse,
226 1310 279 1358 nisi
304 1325 364 1359 cum
388 1308 504 1374 populns
523 1308 648 1373 graviore
673 1307 765 1372 aliqua
789 1324 818 1357 re
836 1308 964 1357 inritatus
984 1312 1011 1357 et
1029 1307 1165 1357 adsensus
1184 1310 1266 1366 esset,

126 1384 156 1426 nt
181 1378 215 1427 ab
233 1379 270 1426 ill.
290 1377 380 1427 Tullio
405 1377 539 1426 Cicerone
564 1391 621 1425 cos.
645 1375 716 1425 ludis
739 1375 945 1492 Megalensibus
969 1372 1078 1435 (Drnm.
1098 1376 1121 1423 V
1144 1392 1171 1439 p.
1196 1372 1266 1433 435).

127 1450 188 1506 Qua
207 1446 321 1494 rebant
341 1444 460 1494 absurda
482 1444 606 1507 suspicio
620 1443 741 1501 videtur,
766 1459 782 1492 a
825 1444 940 1492 eandem
959 1458 1017 1492 rem
1034 1442 1199 1508 pertinuisse
1216 1442 1269 1491 hoc

126 1513 320 1645 {pagggrpplum
335 1519 416 1577 atque
430 1512 463 1561 40
477 1510 555 1561 etsi.
583 1511 625 1559 De
636 1510 706 1560 ludis
717 1510 919 1576 Apollinaribus
932 1510 985 1560 vid.
996 1510 1103 1560 Preller
1112 1510 1143 1560 R.
1154 1508 1268 1574 Mythol.

213 1701 248 1759 oi
276 1698 336 1779 [lii.
355 1707 397 1757 99.
420 1701 449 1757 G.
468 1697 527 1777 94],
570 1697 704 1775 Frugrnn
725 1681 884 1776 pabulique
904 1695 998 1757 laetus
1018 1714 1098 1774 ager.

213 1818 290 1869 drus.
305 1834 330 1882 p.
345 1817 394 1867 244
409 1831 469 1865 cum
481 1815 610 1865 lemmate
630 1819 710 1866 {oetier
728 1817 799 1865 leuius
817 1818 864 1864 rei.
895 1816 971 1865 Serv.
992 1815 1026 1865 ad
1039 1816 1121 1878 Verg.
1135 1817 1167 1864 A.
1182 1815 1269 1864 1441:

128 1889 283 1935 luctisaumus
302 1885 396 1940 nurbra,
415 1891 459 1932 aul
475 1886 596 1948 septinnio
614 1880 718 1948 [rusus]
735 1890 781 1941 est,
800 1890 844 1931 sut
861 1884 993 1933 secundum
1007 1882 1116 1933 Probum
1130 1885 1270 1945 practicus,

129 1962 154 2002 ut
172 1958 204 2002 sit
223 1956 372 2003 tristissimus
390 1952 500 2011 crebrae,
520 1955 584 2001 aient
603 1953 753 2000 Sallustius:
773 1951 881 2016 frugum
900 1976 931 1986 -
951 1966 1026 2015 ager.
1057 1950 1136 2014 Apud
1155 1950 1270 2000 eundem

58 2048 61 2061 =
131 2022 164 2070 ad
184 2022 221 2070 XI
240 2020 290 2070 338
309 2021 437 2069 scribitur
451 2023 588 2082 fruetuum,
624 2019 721 2068 L'tnrm
738 2018 810 2068 hacc
828 2018 914 2067 verba
932 2018 959 2066 in
978 2017 1161 2081 descriptione
1179 2017 1271 2082 singu·

129 2089 195 2138 laris
215 2089 355 2138 cuiusdam
374 2087 507 2151 regionis,
529 2103 564 2135 an
583 2083 721 2150 amplioris
734 2093 825 2136 terrae
843 2086 954 2146 suerint,
973 2084 1092 2135 discerni
1105 2100 1158 2134 non
1170 2089 1271 2150 potest.
1304 2124 1311 2141 ,

215 2207 256 2268 92
280 2207 340 2286 [llr.
357 2213 399 2264 93.
422 2210 451 2264 G.
468 2204 525 2285 39],
569 2205 633 2282 lpse
656 2206 744 2265 animi
765 2210 858 2264 atrox.

216 2326 293 2374 drus.
313 2343 339 2390 p.
359 2323 409 2373 215
428 2340 448 2373 s.
469 2340 495 2375 v.
514 2331 593 2373 orror
611 2324 681 2372 buires
699 2327 745 2372 rer'.

216 2445 255 2503 93
279 2444 338 2523 [lie.
355 2450 397 2501 99.
421 2447 450 2500 G.
468 2442 525 2523 43].
568 2442 639 2502 Post
661 2441 711 2502 nbi
732 2441 836 2502 llducia
859 2443 974 2501 nimius.

217 2564 295 2611 Arne.
315 2579 341 2626 p.
362 2560 414 2610 249
432 2577 453 2610 s.
473 2577 499 2610 v.
519 2562 608 2609 nimius
625 2561 673 2609 doe
691 2577 728 2608 re.
763 2560 857 2608 Verba
876 2564 951 2609 certe
964 2559 1079 2609 ducibus
1092 2560 1155 2617 illis,
1175 2560 1220 2625 qui
1239 2560 1274 2613 ed

134 2630 337 2679 Chalcedonam
357 2630 392 2678 ab
405 2628 564 2678 Mithridate
578 2628 644 2677 vieti
658 2631 729 2687 sunt,
749 2628 923 2676 conveniunt.
955 2627 996 2684 In,
1016 2628 1084 2691 quod
1099 2632 1163 2678 ante
1178 2629 1275 2692 fiducia

133 2699 249 2763 positum
270 2702 337 2755 erat,
358 2702 433 2746 recto
453 2695 576 2745 codicum
595 2696 761 2745 auctoritato
780 2694 983 2744 Lindemannus
1001 2694 1113 2746 delevit.

220 2817 259 2877 lli
284 2816 399 2896 [saur.
424 2814 524 2893 lito]
570 2814 648 2874 llrbe
671 2820 817 2874 terrerum
842 2820 982 2873 extorres,

219 2951 297 2999 Arna.
317 2967 343 3014 p.
363 2949 425 2998 229:
451 2951 629 2999 calamistris.
667 2950 728 2998 Lib.
750 2950 800 2999 Gn.
820 2964 961 2998 numerum
979 2948 1039 2997 libri
1058 2948 1162 3007 omisit,
1187 2953 1230 2999 set
1248 2953 1277 2997 et

134 3021 157 3068 is
177 3027 204 3074 ct
223 3018 417 3067 Ambrosianus
437 3017 599 3081 scripturam
613 3023 731 3075 tuentur,
750 3033 798 3080 pro
818 3033 871 3080 qua
883 3016 945 3065 olim
961 3016 1094 3065 edebatur
1105 3016 1166 3064 urbe
1177 3021 1276 3080 putria·

135 3105 181 3152 pue
200 3094 328 3135 errori-es.
366 3086 441 3135 inter
459 3085 565 3148 piratas
583 3085 682 3133 multos
701 3085 786 3133 luisse
806 3084 903 3148 quibus
925 3085 952 3132 in
972 3085 1152 3133 Romanorum
1171 3084 1276 3148 inperio

135 3155 168 3217 lis
189 3155 259 3203 enirn
280 3159 322 3202 cst
340 3152 410 3202 orbiu
428 3151 565 3215 terrorum)
586 3152 702 3217 umplins
720 3152 848 3201 habitare
868 3168 920 3201 non
939 3152 1051 3213 licebat,
1071 3152 1139 3201 eatis
1158 3155 1276 3201 constat.

220 3273 259 3331 bo
282 3272 341 3351 [lir.
357 3278 400 3329 98.
423 3275 453 3329 G.
472 3270 530 3356 91].
571 3272 667 3348 Copiis
691 3273 814 3348 integra.

220 3391 297 3439 drus.
318 3407 343 3454 p.
363 3389 426 3439 236:
453 3394 552 3452 brteper
569 3392 613 3439 illa
631 3406 666 3437 re.
709 3390 751 3438 lle
775 3389 887 3453 regione
911 3390 988 3439 cuius
1011 3404 1077 3453 opes
1095 3387 1212 3437 nondum
1231 3403 1276 3437 ex·

135 3458 252 3508 haustae
267 3464 367 3511 essent,
388 3458 505 3506 sortasse
525 3458 558 3506 de
573 3456 666 3506 Gallia
678 3456 860 3518 Narbonensi,
878 3455 1278 3519 dictumfuisse(lllonrms.111

136 3544 161 3591 p.
184 3526 225 3574 27.
247 3527 338 3574 inum.
359 3525 396 3573 IV
415 3542 441 3589 p.
461 3523 521 3586 370)
541 3524 599 3573 veri
618 3522 714 3573 simile.

221 3660 260 3730 ilfi
284 3659 344 3738 [lie.
362 3662 393 3717 lll
413 3667 433 3715 l.
459 3658 621 3739 G.p.150].

415 3778 551 3852 Episrrdo
576 3767 629 3837 Ga.
652 3779 775 3853 Pompei
795 3779 1002 3838 adsecutum.

221 3897 262 3943 lle
286 3895 337 3943 liae
364 3894 480 3959 epistula
506 3913 530 3944 a.
551 3896 583 3943 il
602 3897 633 3944 L.
653 3895 760 3945 Licinio
780 3896 893 3945 Lucullo
912 3896 948 3944 M.
968 3896 1078 3946 Aurelio
1102 3897 1184 3947 Cotta
1207 3912 1277 3948 coss.

136 3964 164 4011 in
183 3968 281 4011 senatu
302 3969 392 4012 actrnn
413 3978 473 4011 esse
493 3968 601 4012 constat
620 3964 701 4022 (Plut.
721 3964 815 4028 Pomp.
835 3963 876 4013 ⁴20.
896 3962 1010 4013 Lucull.¹
1023 3964 1047 4013 5.
1069 3965 1186 4029 Appian.
1205 3966 1233 4015 b.
1253 3982 1277 4015 c.

136 4032 149 4079 1
170 4030 214 4079 ill
234 4047 260 4094 p.
281 4031 328 4079 527
349 4029 458 4083 Bekk.l.
496 4031 553 4079 lain
574 4047 598 4079 a.
617 4031 651 4079 75
670 4032 701 4079 L.
722 4020 839 4080 Octavio
858 4029 889 4080 G.
909 4031 1018 4080 Aurelio
1037 4031 1119 4082 Cotta
1137 4048 1206 4083 coss.
1225 4033 1278 4082 Ro-

138 4114 208 4146 mam
229 4097 348 4146 adlntarn
369 4114 429 4146 esso
450 4114 481 4146 ex
501 4114 538 4146 or.
560 4099 592 4146 G.
613 4097 710 4147 Cottae
730 4097 763 4146 ir.
783 4097 910 4159 1141,o
932 4115 1028 4163 parurn
1046 4105 1122 4148 certe
1142 4099 1279 4150 concludi-

138 4172 194 4219 tur,
220 4181 280 4213 cuin
306 4173 400 4230 aperta
424 4165 490 4213 illud
509 4166 601 4214 (licere
621 4165 739 4229 potuerit
757 4165 866 4214 etiamsi
884 4167 1001 4215 nondum
1019 4167 1128 4216 litterae
1148 4167 1183 4215 ab
1201 4168 1278 4232 inpe-

138 4233 273 4282 ratoribus
292 4235 391 4282 missae
413 4233 549 4281 adessent.
581 4233 641 4292 (lua
660 4249 689 4280 re
704 4232 813 4281 adducti
826 4233 903 4283 multi
916 4250 976 4283 cam
990 4233 1134 4299 epistulam
1147 4234 1216 4284 libro
1228 4233 1278 4296 111,

139 4316 189 4363 qno
210 4316 253 4348 res
273 4317 297 4349 a.
318 4301 350 4348 74
370 4306 464 4362 gestas
484 4305 628 4348 enarratas
653 4300 738 4348 fuisso
758 4303 863 4350 cenum
882 4307 931 4362 est,
953 4301 1183 4367 adamaverunt,
1208 4316 1278 4367 quae

138 4369 277 4416 sententia
295 4367 416 4416 nonnihil
434 4368 596 4416 nnrnimcnti
621 4367 787 4430 ooaooipie
813 4368 882 4431 quod
899 4369 958 4418 veri
976 4369 1065 4418 simile
1084 4375 1140 4430 est,
1164 4370 1278 4435 scripto·

138 4451 208 4496 rem,
231 4443 260 4484 ut
279 4451 324 4484 ars
343 4452 376 4484 ac
395 4435 465 4484 ratio
484 4435 611 4485 videntur
627 4434 782 4500 postulare,
806 4450 877 4499 qnae
902 4436 937 4487 ad
954 4437 1194 4502 praeparationem
1211 4437 1279 4489 belli
