2768 5010
145 436 148 441 .
174 351 234 418 116
519 376 823 424 connanrurtonurr
846 380 918 424 eae.
940 377 972 425 r.

172 541 229 591 tuta
252 537 383 607 quaerere
406 534 516 592 omnino
538 535 648 592 Sallusti
674 536 765 610 ingeni
787 546 908 599 nonest,
932 537 978 612 qui
997 554 1047 612 per
1065 550 1169 593 summa
1189 533 1312 611 pericula

171 645 199 693 et
221 636 328 693 labores
349 637 381 693 ad
404 636 626 694 inmortalitatem
647 638 752 712 gloriae
774 640 933 696 enitundum
953 647 1072 703 censeat,
1097 646 1154 695 tum
1174 639 1233 715 ipse
1252 637 1312 694 luce

171 737 270 796 elarius
293 739 412 795 ostendit
435 757 464 795 se
485 741 518 796 de
537 740 576 796 eis
602 748 705 796 tantum
728 741 832 797 artihus
854 741 961 805 dicere,
991 743 1096 814 quihus
1118 756 1230 796 summa
1252 742 1312 796 cla·

171 843 267 897 riludo
287 849 420 912 parciter,
445 860 501 899 non
522 842 621 916 quihus
643 843 697 899 vita
717 851 788 905 tuta.
819 861 887 917 quac
910 843 1020 900 latentis
1040 851 1068 900 et
1090 844 1117 899 in
1139 842 1258 899 obscuro
1280 860 1313 898 ac

171 943 289 1001 demisso
312 943 437 1018 degentis
466 954 521 1006 cst.
556 951 720 1018 praestetur.
773 945 871 1002 Deinde
898 947 996 1002 mirum
1020 946 1146 1020 prolecto
1174 951 1229 1007 est,
1263 961 1314 1001 cur

171 1046 290 1122 scriptor
315 1049 370 1103 tuti
395 1047 427 1102 ab
453 1047 566 1103 honesti
587 1048 624 1103 ita
647 1065 773 1121 separare
795 1039 935 1110 maluerit,
963 1054 995 1104 ut
1016 1047 1131 1105 alterum
1153 1047 1181 1103 in
1203 1064 1314 1120 compa·

171 1149 277 1204 ratione
298 1156 421 1223 poneret,
445 1166 494 1204 cur
509 1166 564 1205 non
586 1149 728 1222 scripserit
746 1165 778 1205 eo
793 1152 912 1207 tutiores
932 1157 983 1206 aut
1004 1155 1095 1223 mepte
1109 1150 1222 1206 honesti
1234 1154 1312 1205 sunt.

171 1249 237 1318 Quis
256 1269 324 1325 ergo
347 1259 405 1312 est,
435 1250 481 1324 qui
510 1254 565 1306 tuti
586 1268 618 1306 er
647 1251 809 1326 corruptela
837 1261 929 1308 natum
960 1269 1020 1308 esse
1047 1253 1145 1326 neget?
1161 1245 1192 1323 ¹).
1238 1249 1313 1318 Quae

171 1369 236 1409 vcro
255 1370 350 1409 caussa
371 1350 491 1426 proferri
509 1360 602 1428 potest
622 1351 648 1407 h.
671 1350 703 1416 Ι.,
733 1371 782 1410 cur
803 1355 980 1428 magistratus
1002 1362 1029 1410 et
1057 1353 1163 1428 inperia
1188 1369 1244 1409 uon
1265 1369 1313 1408 cu·

171 1455 271 1528 piunda
293 1455 435 1510 videantur
455 1453 488 1516 ei,
513 1453 559 1528 qui
580 1455 718 1510 adrerum
740 1454 855 1528 gloriani
877 1456 1014 1512 enitatur?
1058 1458 1158 1530 hperte
1178 1455 1259 1510 haec:
1280 1471 1312 1509 ea

171 1573 259 1630 neque
280 1556 396 1612 honesto
418 1556 475 1630 peti
497 1572 584 1629 neque
607 1556 722 1612 honeste
751 1557 809 1630 geri
838 1575 928 1634 pesse.
973 1557 1038 1614 Cum
1067 1564 1156 1614 autem
1178 1556 1313 1612 honorem

171 1675 250 1715 neme
273 1675 323 1733 per
345 1658 471 1714 virtutem
494 1657 611 1714 nancisci
629 1659 731 1732 possit,
754 1676 865 1716 necesse
887 1668 943 1723 est,
969 1663 1014 1733 qui
1038 1676 1101 1715 eum
1124 1636 1238 1732 adeptus
1267 1657 1313 1718 sit.

171 1778 220 1835 per
242 1760 364 1817 fraudem
385 1760 511 1834 adeptum
534 1778 602 1817 esse.
648 1759 704 1829 Qua
727 1778 757 1816 re
782 1761 834 1818 hoc
863 1760 891 1816 in
913 1760 1002 1817 rerhis
1024 1761 1079 1817 illis
1101 1760 1191 1816 inesse
1212 1757 1313 1815 debere

171 1863 362 1936 consequitur:
387 1862 432 1936 qui
455 1863 606 1918 honorihus
628 1862 714 1919 iuncti
737 1871 813 1926 sunt,
843 1882 893 1937 per
920 1863 1041 1920 fraudem
1066 1861 1171 1924 nancti,
1199 1878 1255 1917 non
1278 1875 1312 1916 eo

172 1965 256 2037 magis
278 1964 385 2021 honesti
407 1972 484 2027 serat,
511 1983 545 2022 eo
575 1966 705 2022 maiorem
735 1966 878 2022 honorem
896 1965 948 2022 sihi
976 1982 1073 2039 parare
1101 1971 1232 2038 potuere.
1252 1961 1311 2018 vel:

171 2084 260 2141 neque
287 2067 386 2140 quihus
413 2085 462 2141 per
490 2067 611 2123 fraudem
636 2075 667 2123 ut
698 2067 831 2123 honorem
859 2068 1081 2125 nanciscerentur
1111 2065 1244 2138 contigit.
1277 2081 1311 2121 eo

170 2169 257 2242 magis
278 2168 385 2225 honesti
408 2176 480 2225 siml.
524 2169 578 2225 lam
601 2169 665 2243 quid
681 2169 868 2225 vetustissumi
888 2168 950 2225 lihri
971 2169 1026 2226 duo
1042 2167 1186 2225 exhibent?
1209 2167 1229 2222 P
1247 2169 1311 2238 qui·

170 2271 223 2326 hus
247 2287 303 2342 per
328 2271 465 2342 fraudem
489 2272 525 2326 iis
549 2271 609 2342 satit
626 2274 668 2326 adi
688 2274 743 2326 tuti
760 2280 812 2328 out
827 2287 877 2332 eor
904 2265 936 2327 P¹
967 2273 1069 2344 quibus
1092 2285 1148 2341 per
1172 2267 1312 2341 fraudem

170 2373 215 2454 his
235 2373 359 2445 feritati
379 2388 412 2428 eo
434 2375 541 2444 magiis,
568 2381 596 2430 et
617 2379 714 2446 postea
735 2373 843 2429 demum
863 2382 1020 2430 conrectum
1040 2379 1082 2428 est
1104 2373 1164 2427 tuti.
1209 2371 1251 2426 Iis
1269 2368 1311 2425 rel

170 2477 215 2533 his
233 2476 298 2531 lerri
319 2493 373 2531 nori
392 2491 487 2547 pesse,
513 2476 640 2548 quoniam
660 2477 798 2549 praecedit
821 2474 969 2549 singularis
989 2475 1088 2542 honos,
1111 2473 1236 2547 adparet.
1260 2489 1312 2527 nec

171 2585 260 2634 tamen
274 2576 384 2632 didicile
399 2584 440 2631 est
455 2577 488 2631 ad
503 2576 727 2649 intellegundum,
746 2578 867 2634 additum
883 2577 909 2632 id
925 2594 993 2639 esse,
1015 2584 1045 2632 ut
1062 2577 1105 2631 uti
1118 2574 1238 2636 haberet,
1256 2590 1311 2647 quo

171 2681 322 2736 referretur
336 2672 369 2750 ²).
413 2677 441 2733 ln
464 2679 612 2753 archetypo
635 2696 702 2752 ergo
723 2688 828 2748 certum
848 2686 890 2735 est
910 2678 1009 2734 luisse:
1038 2691 1130 2749 neque
1149 2677 1192 2732 itti
1208 2677 1312 2748 qrtihue

169 2798 224 2853 per
237 2781 375 2853 fraudem
387 2778 448 2850 sarit
461 2783 504 2835 uti
524 2797 556 2837 co
574 2785 665 2854 inopis
686 2781 799 2837 honesti
817 2787 892 2838 sarni.
931 2779 1004 2849 Quae
1020 2779 1155 2854 scriptura
1171 2794 1262 2834 noune
1277 2777 1311 2832 ad

170 2886 332 2940 senitentiam
345 2899 459 2956 prorsus
475 2890 538 2956 apta
551 2885 610 2938 cst?
633 2883 697 2938 Nam
710 2882 846 2940 obiectum
866 2881 942 2938 vcrhi
957 2884 1000 2937 uti
1016 2881 1146 2937 omissum
1161 2878 1310 2936 obtendere

170 3002 226 3041 non
239 2993 339 3058 potest.
355 3002 415 3039 cum
431 3001 509 3040 rremo
523 2984 587 3057 qiud
602 2984 796 3041 adsumendum
810 2985 846 3040 sit
860 2985 963 3040 frustra
979 2982 1153 3056 quaesiturus
1165 2980 1209 3042 sit,
1221 2997 1311 3053 neque

168 3093 212 3142 est
230 3104 290 3142 eum
308 3085 439 3141 infinitivo
455 3087 627 3142 coniunctum
645 3103 806 3160 quamquam
824 3091 967 3160 poetarum
982 3085 1066 3141 moris
1080 3092 1130 3146 est,
1148 3081 1181 3139 ah
1198 3080 1310 3137 Sallusti

169 3187 280 3261 ingenio
297 3185 414 3242 alienum
431 3187 600 3243 iudicandum
613 3195 663 3249 est,
684 3188 785 3261 quippe
799 3188 846 3262 qui
859 3187 944 3243 multa
963 3187 995 3243 ad
1011 3186 1173 3242 Graecorum
1189 3183 1311 3259 exempla

169 3306 283 3345 novasse
307 3289 436 3350 rideatur,
459 3306 547 3362 eoque
576 3290 664 3344 minus
685 3307 746 3344 cum
769 3306 853 3363 supra
879 3307 905 3362 p.
933 3295 967 3350 96
990 3295 1020 3344 ut
1042 3287 1099 3361 lug.
1125 3295 1181 3348 110,
1202 3293 1219 3346 3
1239 3277 1344 3342 idem*

168 3391 272 3448 dicendi
293 3408 379 3464 genus
397 3390 538 3465 prohetur.
560 3389 722 3447 senteutiam
744 3389 884 3465 postulare
902 3390 1119 3464 cognoverimus,
1153 3387 1247 3445 Nonne
1264 3388 1311 3444 de·

168 3494 251 3567 nique
277 3492 354 3549 sarilo
373 3492 545 3567 perspicitur,
569 3511 624 3568 quo
647 3493 728 3548 modo
753 3509 785 3548 ex
808 3491 853 3547 illa
876 3493 1011 3567 scriptura
1030 3491 1162 3553 relicuae,
1186 3507 1255 3564 quae
1282 3488 1310 3544 in

168 3594 245 3650 lihris
267 3603 339 3658 suut.
357 3595 416 3666 suit
437 3598 499 3663 tuti,
520 3595 579 3667 suit
602 3597 713 3665 utique,
736 3592 795 3665 fait
818 3597 873 3650 tuti
890 3597 1005 3667 atique,
1026 3610 1149 3668 quaeque
1170 3589 1312 3662 antefecit

167 3696 256 3753 addita
280 3705 351 3760 sunt.
372 3698 446 3755 nasci
469 3698 628 3771 potuerint?

253 3800 308 3872 lug.
334 3808 374 3862 10,
397 3805 413 3860 7
436 3801 504 3870 quia
526 3806 619 3855 aetate
641 3803 669 3853 et
682 3798 825 3867 sapientie
843 3800 977 3869 priores
999 3813 1032 3853 eo
1048 3794 1188 3855 lubentius
1210 3792 1309 3867 recepi,

167 3917 228 3957 cum
248 3919 281 3956 eo
303 3902 323 3955 P
344 3901 464 3962 duceret,
487 3911 515 3957 et
539 3901 562 3956 si
584 3899 726 3957 relativum
746 3905 895 3963 teneretur,
919 3899 1013 3974 utique
1038 3896 1239 3955 coniunctirum
1261 3895 1311 3953 La·

168 4002 261 4058 tinitas
281 4003 433 4075 elllagiterc
456 4002 602 4060 rideretur.

201 4165 226 4230 1)
245 4167 285 4216 Ne
305 4168 369 4232 quid
388 4183 421 4218 ex
441 4168 535 4218 aliena
558 4167 639 4218 laude
659 4168 725 4218 mihi
786 4167 813 4230 2)
831 4169 869 4216 eir
888 4165 923 4215 ed
941 4168 1103 4230 maphtratua
1115 4170 1141 4214 et
1153 4166 1255 4229 inperia
1267 4178 1309 4213 re·

168 4253 317 4315 arlrogasse
335 4253 441 4316 videar,
462 4254 598 4303 Linkcrns
611 4255 665 4303 iam
685 4254 726 4303 ita
752 4253 819 4302 ferri
837 4267 917 4317 pesse
936 4266 990 4301 uon
1003 4253 1115 4315 ignarus
1128 4264 1203 4310 sum;
1223 4248 1311 4298 etsie

166 4352 197 4386 se
217 4337 340 4387 iudicare
359 4338 493 4401 ostendit,
519 4342 567 4388 tati
584 4346 627 4388 ard
645 4340 725 4389 uncis
752 4338 905 4388 contortior
932 4338 1027 4401 utique
1057 4336 1147 4385 oratio
1177 4333 1311 4385 Sallustio
1346 4334 1348 4338 '

167 4420 320 4471 includens.
751 4423 890 4473 tribuitur.
