2768 5010
464 389 982 447 srsroarsavuma.113·2-35.
1039 418 1043 424 -
1205 380 1211 385 ’
1254 375 1292 438 ll

156 548 303 614 detlrreret,
329 551 502 612 ademerit,
529 554 612 615 atque
636 552 699 601 aliis
724 551 800 602 loeis.
842 551 890 600 Set
911 551 945 599 de
969 549 1079 600 nomine
1101 548 1178 598 fluvii
1200 563 1295 613 parurn

157 624 275 668 constat.
312 618 400 684 volgo
419 619 553 668 edebatur
572 620 669 676 Darda,
688 624 718 667 nt
730 621 816 668 Prisc.
836 619 858 668 A
878 624 905 667 et
924 618 1028 682 aliquot
1041 617 1146 667 Krehlii
1166 616 1296 667 exhibent

158 691 187 734 et
205 687 328 735 tortasse
343 697 407 736 ante
433 703 505 735 conr.
526 687 551 735 H
570 687 676 735 habuit.
717 688 765 735 Set
785 688 879 736 Clurda
902 686 919 736 d
937 687 1000 734 Vat.
1024 685 1125 733 malt.
1144 686 1243 734 clareia
1261 683 1294 731 n.

156 758 223 804 elan
242 754 304 803 Vnt.
334 757 409 804 lurda
427 754 476 803 Bh.
514 754 643 803 Hertzius
663 755 756 817 igitur,
776 769 829 817 qno
847 754 947 802 eximia
966 759 1008 801 est
1025 752 1160 809 (lontrina,
1180 751 1302 801 eundem

157 820 267 869 tlnvium
287 837 347 870 esse
366 822 453 871 videri
473 823 586 880 monuit,
606 827 688 884 atque
712 822 758 885 qni
782 821 853 884 apud
872 821 943 871 l‘liu.
963 821 997 868 H.
1016 820 1048 868 N.
1069 819 1092 867 V
1110 820 1155 869 21.
1177 817 1226 867 108
1248 834 1295 868 no·

157 889 289 937 minetur:
309 890 367 938 Fuit
386 894 410 938 iu
430 906 459 939 eo
478 897 562 938 tractu
585 895 608 938 et
629 890 849 952 Maeandropolis.
889 888 934 936 Est
952 888 1074 936 Eumenia
1095 889 1186 937 (ludeo
1203 887 1298 951 flumini

157 958 288 1020 adposita.
324 958 365 1006 Ex
384 957 471 1006 tribus
490 957 608 1021 oppidis,
628 973 698 1020 qrrae
718 972 749 1004 eo
768 957 877 1005 nomine
898 956 1006 1005 fuenrnt
1025 955 1130 1018 (Steph.
1149 955 1215 1017 Byr.
1234 969 1255 1003 s.
1270 969 1295 1002 v.

156 1039 183 1089 p.
209 1022 257 1072 len
279 1024 395 1087 west),
422 1025 528 1073 Plinius
552 1030 646 1087 aperte
671 1024 830 1073 Eumeniam
856 1024 992 1088 Phrygiae
1017 1022 1137 1084 regionis
1160 1020 1297 1071 intellexit

157 1089 260 1151 (strab.
279 1092 330 1140 xll
347 1108 375 1163 p.
395 1091 445 1141 576
463 1091 493 1138 C.
512 1090 562 1140 810
580 1090 685 1153 blein).
721 1093 763 1140 Ea
781 1092 834 1139 sita
853 1092 919 1152 suit,
938 1091 984 1140 nbi
1002 1105 1074 1139 nune
1093 1088 1226 1150 Isclrnkli‚
1245 1087 1295 1136 ibi·

157 1173 209 1222 que
228 1157 324 1207 fluvius
343 1158 576 1222 b'enrlyklutselrai
589 1160 617 1207 in
629 1159 808 1208 Maeandrum
821 1159 918 1208 influit.
950 1158 1081 1207 Planitiei
1100 1157 1215 1206 alteram
1234 1170 1295 1221 par·

156 1232 213 1274 tem
231 1226 376 1290 paludibus
395 1227 512 1275 obsitam
532 1243 592 1276 esse
611 1227 787 1276 llamiltonns
805 1227 929 1275 narravit
948 1226 1012 1283 (vid.
1027 1225 1104 1274 Koch
1117 1225 1165 1273 der
1177 1225 1236 1289 Zug
1248 1223 1297 1272 der

157 1291 352 1342 Zehntansend
370 1311 395 1358 p.
420 1293 468 1353 18).
499 1294 567 1343 Num
587 1294 670 1359 igitur
688 1294 805 1343 fortasse
819 1293 964 1343 Sallustius
982 1296 1145 1343 narraverat
1164 1307 1225 1341 eam
1237 1289 1295 1358 pla·

156 1360 252 1409 nitiem
275 1361 394 1410 fertilem
419 1377 492 1423 esse,
518 1361 570 1410 nisi
595 1377 649 1425 qna
672 1362 769 1411 fluvius
793 1361 894 1410 Clurda
918 1360 1012 1424 (euius
1030 1375 1128 1409 nomeu
1148 1362 1176 1408 in
1195 1359 1297 1423 Sandy-

156 1426 296 1478 klutschai
321 1430 404 1477 tertia
427 1429 536 1492 syllaba
560 1435 697 1477 servatum
716 1426 836 1489 videtur)
860 1429 951 1478 Tauro
969 1433 1059 1477 monte
1079 1419 1200 1476 delineas
1218 1427 1296 1492 paln-

156 1494 217 1543 dem
237 1495 378 1545 efficeret?
408 1497 456 1545 Set
475 1495 523 1545 illa
542 1495 662 1556 ineertn3
681 1496 732 1545 hoe
752 1493 867 1556 certius,
887 1512 947 1545 omn
958 1495 1125 1611 priscianus
1143 1494 1229 1544 verba
1247 1493 1297 1544 illa

155 1561 225 1611 libro
244 1562 272 1611 ll
294 1563 456 1628 deprompta
480 1579 540 1613 esse
564 1568 681 1613 testatus
700 1564 747 1623 sit,
774 1580 806 1612 eo
831 1562 901 1613 libro
923 1564 1026 1613 belum
1049 1580 1065 1612 a
1083 1564 1113 1612 P.
1134 1561 1250 1613 Servilio
1267 1561 1296 1612 in

156 1629 261 1679 Pisidia
280 1631 436 1680 consectum
453 1635 593 1680 narratum
614 1631 696 1680 luisse
718 1647 750 1679 ex
770 1647 856 1696 eoque
875 1630 935 1680 loco
955 1631 1003 1680 illa
1022 1632 1110 1696 petita
1130 1646 1200 1680 esse.

241 1788 305 1849 *32
329 1789 389 1870 [lir.
405 1798 447 1849 40.
471 1794 500 1848 G.
517 1790 575 1871 93],
620 1790 724 1871 laniae
748 1791 929 1868 Pisidiaeque
959 1808 1046 1868 agros
1067 1790 1294 1868 despectantenr.

241 1907 316 1956 Serv.
331 1908 366 1958 ad
377 1909 459 1973 Verg.
475 1907 542 1957 Aen.
556 1908 644 1958 1420:
665 1911 805 1973 adspectum
823 1913 864 1958 rei
875 1907 1015 1958 insensibili
1031 1909 1076 1957 dat
1088 1923 1194 1957 sensnm.
1223 1908 1296 1959 Unde

155 1982 195 2023 est
212 1978 275 2025 illud
290 1980 315 2024 ia
334 1982 425 2041 quarto
444 1979 475 2025 cle
494 1977 607 2027 Atlante.
651 1977 716 2025 Item
734 1976 883 2026 Sallustius:
904 1976 1009 2039 Lyciae
1028 2001 1060 2008 —
1079 1974 1295 2040 despectantenr.

157 2042 224 2091 Cum
243 2058 276 2092 ex
295 2043 384 2092 Servii
402 2044 494 2092 verbis
514 2043 649 2107 adpareat
667 2043 736 2092 haec
756 2044 832 2093 diota
846 2044 930 2092 luisse
949 2042 1067 2102 deloco,
1087 2057 1169 2106 sirper
1181 2042 1296 2105 Lyciam

156 2115 186 2175 et
202 2110 334 2159 Pisidiam
353 2111 406 2160 sito
426 2110 482 2174 (qui
500 2111 546 2158 ubi
567 2129 626 2159 esse
647 2112 742 2175 potuit,
762 2112 817 2160 nisi
835 2112 863 2160 in
882 2116 972 2160 monte
987 2110 1116 2169 Tauroi),
1136 2124 1250 2172 cumque
1263 2125 1297 2158 ex

155 2192 317 2240 praegresso
338 2178 491 2242 fragmento
509 2177 576 2226 haut
588 2177 760 2240 sirmaliqua
778 2179 870 2242 speeie
890 2178 947 2226 veri
961 2177 1122 2236 eonieiatnr,
1143 2176 1169 2224 iu
1187 2175 1258 2225 libro
1271 2175 1299 2224 ll

155 2244 189 2292 de
209 2251 306 2293 natura
325 2244 432 2293 illarum
456 2245 537 2293 Asiae
562 2246 673 2295 minoris
700 2246 840 2308 regionum
866 2244 944 2310 plura
970 2244 1095 2307 exposita
1120 2244 1218 2302 fuisse,
1243 2258 1297 2292 non

155 2310 279 2361 dubitavi
302 2312 416 2375 obsequi
441 2312 505 2360 viris
524 2312 627 2372 (lactis,
653 2313 698 2376 qui
723 2327 757 2361 ea
780 2312 850 2362 libro
870 2313 897 2360 ll
922 2311 1064 2373 adsignari
1087 2317 1114 2359 et
1133 2326 1193 2360 curn
1211 2311 1245 2359 fr.
1265 2308 1295 2360 31

156 2379 285 2442 coniungi
303 2381 449 2428 iusserunt.
487 2389 488 2393 ’

241 2522 280 2584 33
302 2522 362 2603 [lir.
381 2531 422 2580 u.
445 2526 474 2580 u.
488 2521 545 2603 76].
581 2522 691 2583 Eodem
715 2542 792 2583 anuo
816 2525 844 2582 in
863 2521 1031 2582 llaeerlorria
1049 2519 1083 2579 G.
1106 2520 1194 2580 Curio
1216 2521 1296 2600 prin-

157 2625 232 2701 cipio
254 2625 330 2684 veris
345 2643 411 2685 erim
433 2625 512 2683 omui
529 2627 660 2685 exercitu
678 2625 828 2702 proiectus
843 2624 872 2683 in
889 2623 1064 2682 Dardaniam
1081 2621 1188 2701 quibus
1203 2619 1297 2706 potuit

156 2725 250 2784 modis
268 2728 408 2801 pecunius
427 2727 520 2803 Appio
544 2727 634 2786 alietas
657 2728 761 2801 coegit.

239 2843 308 2891 Non.
327 2860 352 2908 p.
371 2842 416 2891 tue
436 2860 467 2892 ex
481 2843 527 2891 lib.
539 2844 565 2892 ll
580 2844 679 2899 adfert,
699 2859 751 2908 quo
770 2845 855 2892 elicere
875 2859 922 2905 pro
941 2841 1100 2906 promittere
1119 2841 1222 2889 dietum
1235 2854 1297 2889 esse

155 2910 291 2958 ostendat.
329 2911 359 2959 G.
381 2911 540 2959 Scribonius
559 2911 641 2959 Curio
666 2913 691 2960 in
716 2911 884 2975 provinciam
902 2909 1093 2958 Macedoniam
1114 2925 1139 2957 o.
1156 2907 1189 2956 75
1207 2907 1296 2972 Appio

128 3026 129 3029 ,
156 2976 270 3025 Claudio
294 2984 398 3026 mortno
422 2978 563 3042 proiectus
587 2985 629 3026 est
654 2979 747 3036 (Oros.
768 2979 791 3025 V
809 2976 850 3026 23.
877 2978 988 3040 Eutrop.
1007 2976 1087 3024 t'12.
1111 2977 1235 3024 blomans.
1254 2974 1297 3024 111

156 3060 180 3107 p.
200 3043 252 3105 35).
278 3069 310 3080 -
333 3045 456 3094 Ninrisne
481 3045 589 3093 subtilis
607 3046 714 3105 uideor,
739 3062 799 3094 enm
819 3044 979 3094 Sallustium
1002 3060 1038 3093 ear
1057 3044 1213 3092 illueedouin
1230 3041 1297 3090 seri·

155 3112 220 3159 bere
240 3111 367 3160 debuisse
393 3113 546 3161 contendo?
582 3113 660 3172 Quod
685 3114 712 3161 in
736 3113 873 3178 plerisque
896 3111 974 3160 libris
997 3112 1080 3159 Nonii
1103 3110 1194 3168 deest,
1211 3111 1297 3160 raedis

155 3178 252 3228 Carrio
271 3195 303 3227 ex
322 3184 376 3228 vet.
397 3180 456 3228 cod.
476 3187 550 3229 reete
570 3180 716 3245 subplevit.

241 3297 279 3384 3⁸4
304 3322 364 3402 [llr.
381 3332 424 3381 44.
448 3327 477 3381 G.
494 3323 553 3403 tu]
597 3324 633 3383 [ft
653 3326 766 3384 actione
789 3324 951 3383 ‹lesisteret

240 3442 334 3490 Pauca
352 3441 422 3490 haee
442 3442 527 3491 verba
547 3459 579 3490 ex
592 3441 639 3490 lib.
653 3443 680 3490 ll
701 3442 777 3491 tirus.
798 3458 823 3506 p.
842 3441 891 3489 224
911 3439 1126 3489 conmemorarit
1145 3435 1299 3502 exemplum

156 3508 301 3558 locutionis
320 3512 415 3558 desisto
434 3510 481 3559 lene
498 3526 536 3558 re.
576 3510 658 3558 triers
678 3510 762 3558 fuisse
782 3509 825 3557 rel
845 3508 878 3556 de
896 3508 1006 3558 tribuno
1020 3524 1071 3571 quo
1085 3506 1172 3555 miuus
1190 3504 1299 3569 plebem

156 3575 327 3625 contionibus
352 3578 472 3640 agitaret
490 3577 633 3631 ‹leterrit0.
658 3576 702 3625 rel
727 3577 759 3625 ‹le
784 3582 947 3625 accusatore
972 3581 1001 3624 ut
1026 3589 1152 3624 carrssam
1175 3572 1300 3622 abiceret
1371 3584 1382 3596 ·

155 3650 281 3693 eormroto
300 3645 327 3692 in
345 3644 490 3709 propatulo
510 3650 559 3693 est.

240 3788 279 3845 35
306 3787 365 3866 [liv.
384 3795 425 3844 45.
450 3792 479 3844 G.
496 3786 553 3865 80].
597 3789 690 3859 Quem
715 3804 840 3865 corpore
864 3794 893 3845 et
915 3785 1015 3861 lingua
1038 3786 1183 3861 percitum
1207 3789 1236 3842 et
1257 3784 1300 3842 iu-

155 3890 284 3965 quietem
308 3890 425 3947 nomine
448 3888 598 3948 histrionis
621 3891 666 3948 rix
689 3890 752 3948 soni
776 3887 968 3948 Burbuleium
990 3884 1164 3962 adpellabnt.

240 4005 344 4053 Adtulit
364 4006 522 4054 Priscianus
540 4007 578 4054 l'l
598 4024 622 4070 p.
642 4006 707 4059 213.
729 4022 780 4069 quo
800 4009 896 4071 inquies
914 4021 962 4070 pro
981 4005 1105 4069 inquietus
1123 4003 1225 4052 dietum
1239 4017 1301 4052 esse

155 4074 324 4121 ostenderet.
362 4074 467 4122 Scimus
487 4081 578 4122 nutem
603 4090 635 4121 ex
654 4074 767 4123 l'nlerio
786 4075 859 4122 lllax.
880 4073 917 4121 lx
939 4071 983 4130 lt,
1003 4071 1019 4119 5
1038 4078 1066 4119 et
1085 4071 1142 4117 (¹ie.
1162 4072 1238 4118 Brut.
1257 4068 1300 4129 tu,

155 4139 205 4187 'elo
224 4158 264 4203 sq.
295 4140 326 4188 G.
347 4141 517 4188 Scribonium
538 4138 691 4196 Curionem}
712 4158 766 4189 cos.
788 4157 813 4189 a.
834 4139 874 4196 ill,
896 4156 912 4187 a
930 4139 981 4186 (in.
1001 4139 1105 4203 Sicinio
1125 4143 1236 4201 propter
1254 4153 1299 4186 va·

157 4207 325 4256 cillatiouem
346 4209 467 4271 eorporis
481 4215 640 4256 eorrsuetnm
656 4209 825 4269 exagitatum
840 4222 909 4255 esse.
942 4205 1008 4254 Cum
1022 4206 1105 4265 igitur
1119 4205 1153 4253 ad
1171 4221 1230 4253 eam
1245 4220 1301 4254 rem

156 4274 225 4322 haee
245 4275 329 4322 rerba
348 4275 511 4338 pertinuisse
526 4276 681 4337 adpareret.
696 4291 764 4339 quern
779 4275 849 4337 quod
864 4273 984 4322 coniecit
998 4273 1087 4322 t'oler.
1103 4272 1137 4319 nd
1151 4272 1211 4321 l'al.
1226 4272 1300 4321 Mau.

155 4342 172 4390 l.
194 4358 216 4389 e.
237 4342 349 4405 protrari
370 4345 428 4401 lQur'
447 4344 476 4391 l..
498 4345 556 4406 quia
576 4342 658 4395 rell).
681 4343 799 4406 itemque
818 4341 965 4406 urlpellulrul
984 4356 1032 4406 pro
1052 4356 1097 4399 eo,
1124 4339 1195 4405 quod
1213 4340 1236 4390 R
1255 4355 1299 4392 ex·

155 4408 241 4465 hibet,
261 4411 424 4473 appellabunt
439 4411 548 4458 retinui.

872 4632 1050 4704 ,fl
