2768 5010
181 367 218 430 14
406 415 431 442 4
496 387 720 432 111sronmavu
743 391 804 431 arn.
828 379 842 432 ι’
867 380 998 436 tr—n.
1080 417 1085 427 ·

178 540 297 599 nomina
315 538 433 615 intlialit:
455 556 550 618 neque
573 539 656 599 aliter
679 558 742 600 rem
764 540 911 618 publicam
935 548 964 601 et
982 539 1051 601 belli
1074 542 1161 601 linem
1185 543 1240 608 ait,
1265 542 1318 600 nisi

179 633 296 699 maneat
316 640 437 719 exprrlsa
459 642 538 716 agris
559 639 675 719 plebes,
700 642 809 718 praecia
831 642 920 702 civilis
938 641 1153 710 acerbissuma,
1177 645 1222 702 ius
1244 643 1317 702 iudi·

180 743 315 820 cimnqne
337 743 467 801 amnium
490 759 590 802 rerum
606 736 759 820 penes‘se,
782 745 860 823 quod
882 744 982 823 papuli
998 743 1121 804 llnmani
1139 744 1200 804 luit.
1238 742 1319 813 Oetae
1336 755 1366 803 25

54 862 64 877 ‘
93 907 98 921 .
179 844 203 902 si
228 842 309 903 robis
331 861 388 921 pax
417 850 446 903 et
471 845 622 921 conposita
646 843 871 920 intelleguntur,
900 864 1035 906 maxrrma
1062 844 1247 905 turbamenta
1278 846 1320 904 rei
1350 833 1352 836 ’

158 969 170 1007 a
180 944 315 1022 publicae
347 952 434 1023 atque
460 946 545 1005 exitia
569 945 707 1023 probate,
737 947 855 1006 aclnrrite
885 946 999 1024 legibus
1024 948 1169 1025 inpositis,
1198 948 1320 1023 accipite

180 1048 270 1106 atium
293 1065 360 1106 cum
382 1047 509 1112 servitiu,
534 1053 563 1106 et
581 1047 686 1107 tradite
703 1036 871 1125 exemplum
887 1050 1013 1126 posteris
1033 1048 1068 1107 acl
1089 1046 1319 1125 rempublicam

179 1150 284 1208 suimet
306 1149 456 1223 sangrunis
472 1149 608 1208 mercede
624 1149 921 1209 circumveninndam.
966 1148 1044 1217 blilri,
1068 1167 1246 1227 quamquam
1266 1167 1320 1227 per
1338 1161 1370 1208 ra

181 1251 237 1310 boc
251 1267 398 1309 summum
414 1250 559 1325 inperium
579 1253 648 1310 satis
666 1253 829 1329 quaesitum
845 1257 909 1310 erat
923 1252 1033 1310 nemim
1048 1252 1201 1317 maiorum,
1225 1250 1320 1325 digni·

180 1353 230 1411 tati
253 1357 339 1429 atque
361 1351 448 1410 etiam
470 1351 625 1427 praesidio,
650 1359 746 1412 tamen
770 1370 830 1412 non
853 1353 906 1411 init
928 1351 1082 1412 consilium
1100 1353 1226 1429 privatas
1249 1369 1322 1426 opes

148 1451 288 1520 traiecere,
312 1453 466 1529 potiorque
489 1453 546 1511 risa
567 1458 611 1511 est
632 1448 796 1531 periculosa
813 1452 935 1513 libertas
949 1455 1048 1530 quieto
1063 1453 1190 1512 servitia.
1239 1453 1321 1521 tiriae
1339 1470 1371 1517 aa

181 1555 205 1612 si
227 1552 367 1630 probatis,
392 1552 500 1619 arleste,
525 1551 667 1623 Quirites
689 1561 718 1613 et
737 1553 812 1613 benc
832 1554 997 1614 iurantibus
1017 1555 1089 1614 (liris
1109 1553 1145 1613 ll.
1166 1553 1320 1613 ilenrilinm

182 1654 331 1714 consulem
355 1654 459 1715 (liccem
480 1662 509 1713 et
524 1661 676 1715 auctorem
694 1656 848 1734 sequimini
869 1655 905 1715 acl
927 1655 1128 1734 recipiundam
1146 1654 1321 1715 libertatem.

183 1822 205 1874 l.
226 1823 307 1873 aliter
319 1823 416 1889 papula
434 1824 557 1873 Rbmano
582 1809 727 1872 esnc⁰belli
751 1823 832 1873 finem
853 1825 922 1874 eoa.
959 1823 1039 1872 finem
1064 1839 1123 1873 esse
1146 1826 1186 1872 aet
1210 1823 1262 1871 erui
1283 1824 1323 1871 nit

134 1896 137 1903 '
180 1895 245 1942 enai
265 1891 357 1952 Maiblp
374 1895 389 1940 t.
409 1908 431 1941 e.
450 1908 476 1956 p.
496 1889 542 1953 793
561 1893 673 1957 equidem
686 1894 767 1940 matini
786 1892 989 1956 rempublicam
1002 1891 1106 1940 firmam
1120 1888 1226 1938 etbelli
1241 1890 1322 1938 linem

182 1961 230 2019 ait,
249 1964 359 2026 qacnrnnia
376 1976 407 2008 aa
424 1967 474 2008 tam
492 1961 590 2024 qnidam
607 1960 763 2008 vehementer
780 1974 927 2023 reprapncm.
950 1963 975 2007 ai
996 1963 1051 2023 qais
1073 1965 1131 2022 past
1153 1957 1234 2006 finem
1252 1961 1323 2007 caci·
1372 2016 1377 2021 ⁵

181 2031 248 2082 disee
268 2027 386 2076 i'utumm
404 2029 532 2076 statuerit.
550 2052 583 2061 -
602 2027 626 2076 2.
648 2027 806 2076 Constructiu
824 2027 954 2077 uerborum
967 2029 1003 2074 ita
1020 2028 1137 2089 inpedita
1153 2032 1200 2080 est,
1220 2032 1246 2072 nt
1261 2031 1323 2088 past

182 2095 369 2145 acerbissuma
387 2096 514 2144 cecidisse
532 2096 641 2148 medam.
661 2096 731 2157 aprici
749 2110 810 2159 qnos
827 2095 928 2158 praeda
945 2097 1023 2143 cicilia
1041 2095 1073 2142 ria
1091 2092 1177 2141 Saitae
1195 2096 1324 2141 servientia

180 2178 283 2213 araneae
303 2163 404 2212 debeat.
428 2189 463 2197 -
479 2162 504 2210 4.
524 2178 580 2227 pax
598 2167 625 2210 et
643 2163 795 2226 conrpnsita
813 2160 846 2214 ii.
862 2158 864 2163 ’
883 2178 938 2225 pax
957 2168 984 2209 et
1003 2160 1149 2209 eoncordia
1167 2161 1227 2209 Ara.
1251 2161 1322 2209 t'art.

181 2231 232 2280 ttr.
258 2235 326 2296 quart
347 2246 402 2279 acac
427 2237 451 2279 tn
474 2231 533 2279 Vnt.
555 2229 566 2277 l
591 2236 615 2277 at
634 2226 650 2276 3
668 2232 768 2279 dicitnr.
811 2231 853 2278 An
878 2246 931 2293 pax
950 2229 1092 2293 eurrposita
1111 2233 1138 2277 et
1157 2228 1324 2276 eoncordia?

181 2324 214 2333 —
231 2297 256 2346 ti.
277 2289 388 2362 praedio
407 2297 439 2350 iil.
461 2324 491 2332 -
516 2294 554 2344 ll.
574 2296 727 2345 Aemillium
746 2294 779 2349 il.

266 2432 307 2493 42
330 2430 390 2511 [tir.
406 2453 455 2509 per
470 2453 524 2491 err.
540 2435 590 2491 ine.
606 2438 648 2488 5⁴2.
670 2435 699 2489 n.
715 2434 724 2489 l
743 2430 796 2510 tt]
835 2431 1064 2511 Tyrannumqne
1080 2438 1109 2490 et
1123 2429 1244 2490 Cinnam
1260 2448 1323 2489 ma·

182 2548 269 2594 xrrrna
291 2552 360 2591 rnen
383 2531 542 2610 aclpellans

268 2652 343 2701 Serv.
359 2651 392 2699 ml
406 2652 488 2715 Verg.
507 2649 574 2700 Aen.
594 2651 631 2701 lV
643 2650 706 2699 215:
725 2650 864 2700 Probroais
882 2653 953 2704 enaim.
972 2668 1022 2700 aon
1040 2650 1135 2700 lenibus
1152 2646 1265 2713 [verbis]
1283 2665 1323 2708 ec-

182 2726 251 2768 tarea
268 2723 380 2768 coacticia
398 2719 522 2774 dicebant,
540 2725 567 2766 nt
579 2718 726 2767 Sallustius:
745 2723 943 2782 tyrannumque
962 2718 1108 2768 excivitam
1124 2718 1242 2766 maxima
1255 2733 1323 2765 voire

184 2787 335 2851 appellans.
372 2786 411 2834 Id.
431 2786 465 2834 aa
482 2786 496 2834 I
513 2784 541 2833 5:
561 2788 626 2834 dicas
643 2788 828 2835 coniunctiones
845 2793 983 2849 separatae
1001 2788 1153 2834 naturaliter
1170 2789 1240 2833 nern'a
1264 2801 1323 2833 eon-

179 2858 260 2916 'ianpit
290 2880 311 2886 -
325 2852 474 2902 Sallentina:
493 2860 689 2917 tyrannumque
709 2858 736 2901 et
755 2852 879 2902 Cinnam.
904 2881 937 2888 -
960 2854 1061 2902 l'ietnr.
1082 2853 1116 2901 ml
1134 2852 1192 2900 Cin.
1213 2852 1246 2900 de
1266 2852 1322 2900 inv.

184 2938 209 2986 p.
229 2922 275 2968 ill:
300 2922 424 2969 interdrnn
448 2948 479 2955 —
498 2937 533 2970 aar
555 2920 657 2969 libidine
681 2927 706 2969 et
729 2925 836 2985 patariam
859 2921 1043 2970 obtrectatione
1068 2936 1154 2969 eramen
1178 2925 1322 2983 imponitur.

183 2996 208 3037 nt
227 2991 288 3037 ittaat
305 2992 329 3036 ia
348 2988 484 3037 Sallustio:
503 2994 699 3052 tyrannumque
719 2994 747 3035 et
764 2988 880 3036 Cinnam
900 2988 1080 3053 appellantes.
1103 3014 1136 3023 —
1163 2986 1323 3035 Canuleium

184 3057 211 3104 in
231 3058 265 3104 bl.
291 3056 433 3104 Aemilium
459 3056 591 3120 Lepidum
615 3056 717 3104 iactum
742 3071 802 3104 esse
827 3061 907 3104 ncrrte
931 3056 1050 3104 ostendit
1074 3055 1153 3104 Link.
1179 3055 1212 3103 ale
1232 3055 1322 3118 praei.

183 3124 242 3172 urla.
262 3140 287 3187 p.
308 3123 336 3182 ῖς
355 3129 398 3171 set
416 3138 475 3171 enm
495 3127 570 3172 Serv.
590 3126 742 3186 (capellana.
760 3123 831 3171 Viet.
856 3125 1015 3186 appellantes
1038 3123 1143 3177 tradat.
1167 3122 1193 3169 in
1218 3122 1324 3170 ineerta

184 3191 403 3254 relinquendum,
427 3197 516 3239 utrum
536 3191 571 3239 ab
590 3191 622 3250 Q.
643 3190 741 3240 (iatulo
760 3190 877 3254 conlega
901 3206 935 3239 an
960 3191 995 3239 ab
1013 3190 1197 3254 optumatibus
1221 3190 1322 3237 dictum

183 3259 275 3316 inerit,
295 3273 456 3321 quamquam
475 3258 541 3306 illud
560 3258 706 3307 sectandum
725 3259 794 3323 App.
814 3258 848 3306 cle
861 3258 887 3306 b.
908 3274 930 3306 e.
951 3258 963 3306 1
984 3257 1030 3305 107
1049 3275 1075 3321 p.
1089 3257 1138 3305 524
1154 3257 1243 3305 Beklc.
1263 3258 1323 3306 veri

183 3327 297 3375 similius
316 3326 432 3378 ricletrat.

181 3462 205 3490 ''
269 3460 309 3520 43
331 3460 390 3540 [tir.
410 3466 453 3517 46.
476 3464 505 3519 G.
523 3459 580 3539 54].
617 3459 692 3530 Quin
714 3460 833 3521 lcrrancs
856 3467 885 3520 et
905 3462 1007 3521 citrarii
1029 3461 1170 3539 laniique,
1195 3477 1322 3537 querum

184 3570 337 3642 praetcrea
355 3561 457 3638 vulgus
477 3563 506 3621 in
530 3562 592 3621 (lies
617 3565 702 3622 usum
726 3562 836 3622 ltalrere
854 3561 936 3629 salet,
961 3561 1061 3639 precia
1083 3562 1234 3638 conpositi.

267 3684 336 3731 Non.
356 3698 382 3746 p.
404 3680 451 3729 180
470 3680 512 3728 ecl.
532 3681 563 3728 R.
586 3681 740 3743 &inponere
756 3697 805 3744 pro
824 3683 956 3729 rectinere.
994 3680 1126 3728 Sallentina
1143 3680 1185 3727 tib.
1204 3681 1229 3728 l:
1250 3680 1323 3740 Quin

182 3749 295 3799 lenones
314 3756 342 3797 et
359 3749 458 3798 vinarii
476 3748 605 3810 labiique,
625 3761 736 3811 quonam
749 3753 895 3812 praeterea
907 3747 1004 3810 vulgas
1022 3747 1050 3795 in
1067 3748 1126 3795 alies
1138 3762 1214 3795 rrsrrm
1228 3747 1322 3807 babet,

183 3819 271 3883 pretio
296 3817 446 3882 compositi.
471 3842 503 3850 —
527 3814 633 3864 Charis.
654 3831 679 3879 p.
699 3815 731 3863 75
751 3816 783 3863 K.
811 3816 905 3864 Lanius
924 3816 1028 3872 diuitem,
1052 3821 1078 3862 nt
1106 3814 1237 3863 Terentius
1260 3817 1326 3862 ‘lani

182 3889 244 3935 caci
263 3892 287 3934 rt
306 3884 455 3933 Sattnatiaa:
474 3883 537 3947 quin
556 3882 654 3933 vinarii
674 3882 795 3946 laniique
815 3883 952 3946 [laniique
970 3889 1040 3930 recte
1059 3883 1119 3930 artat.
1140 3882 1264 3941 Putant
1283 3877 1328 3930 abi

182 3954 245 4002 ittnal
262 3969 358 4018 qnaqnc
376 3951 515 3999 notabimus
532 3953 652 3998 vinariam
671 3952 723 3999 dici
742 3949 829 4015 {reete
848 3951 888 3998 ita
902 3950 1040 4015 conplevit
1053 3949 1185 4007 l¹utsclr.].
1207 3977 1236 3982 -—
1259 3950 1322 3997 l‘er-

182 4023 270 4068 tinere
289 4019 374 4068 rerba
394 4020 427 4067 ad
447 4024 545 4067 rentiam
566 4017 735 4081 Lepidanrrm
753 4018 1022 4066 marmiestinsumnm
1042 4023 1092 4065 est.

269 4140 307 4198 44
331 4142 375 4197 tir.
391 4147 432 4195 47.
455 4142 484 4194 n.
501 4135 558 4214 52],
598 4135 642 4195 liti
664 4136 790 4214 Lepidus
812 4144 841 4201 et
854 4135 977 4196 ¹Catulus
999 4135 1126 4195 ‹lecretis
1147 4134 1326 4194 exercitibus

155 4308 158 4313 ,
184 4250 365 4302 maturrume
387 4240 653 4317 proiicimernntur.

269 4342 375 4391 (triarii.
396 4358 421 4405 p.
441 4339 503 4387 etia:
524 4340 683 4390 lintamina,
704 4367 733 4374 —
758 4338 893 4387 Sattnstins
911 4339 1071 4386 historiarum
1091 4338 1115 4384 l:
1140 4337 1179 4385 nti
1203 4336 1326 4400 Lepidus

185 4415 213 4459 et
231 4409 345 4459 Catulus
363 4408 482 4457 decretis
501 4407 666 4456 exercitibus
685 4407 842 4456 maturrime
861 4405 1109 4470 proficiscerentur.
