2768 5010
179 336 238 401 no
523 350 825 400 consaurarronou
846 351 917 401 car.
940 351 969 401 r.

176 509 261 568 semel
286 510 381 567 lanatis
409 506 499 584 legum
527 508 639 568 vinculis
666 517 742 574 ruat,
768 509 929 568 ostendatur
950 502 980 584 ¹).
1029 512 1065 567 dt
1096 525 1129 567 ea
1151 507 1224 566 omni
1246 524 1317 567 nexu

176 612 245 671 nibil
268 611 446 668 manulestius
475 619 531 676 est,
561 631 641 687 qnam
666 612 829 689 scriptorem
858 630 890 670 ea
911 630 1014 689 ponere
1032 611 1165 674 noluisse.
1196 629 1266 684 quae
1295 612 1318 667 si

177 713 326 773 Catilinarii
346 714 473 770 vicissent
495 714 587 771 sutura
609 716 734 778 luissent,
758 716 828 771 tande
851 715 963 790 adparet
985 714 1161 772 scribundnm
1183 730 1243 769 esse
1263 714 1320 769 illis

177 819 203 873 si
221 817 369 873 uictoriam
388 817 488 888 adepti
505 816 619 890 serant,
645 825 675 874 et
698 819 753 874 illis
771 815 902 873 liberiore
923 817 1004 875 modo
1028 817 1060 873 ad
1081 815 1254 872 Calibuarios
1277 833 1319 870 re·

176 917 269 980 latum,
289 918 338 992 qui
357 917 422 991 quin
441 916 619 991 intellegundi
639 926 744 980 essent,
767 927 846 975 antea
868 917 998 975 Catilinae
1020 919 1129 976 nomine
1148 918 1240 992 posito
1264 934 1319 973 non

177 1020 288 1077 dubium
304 1027 407 1077 esset.u
441 1018 545 1088 Quibus
565 1037 637 1077 niune
652 1020 730 1083 aelate,
747 1020 814 1077 illud
834 1021 923 1095 ipsum
944 1020 1017 1094 quod
1035 1036 1187 1095 pronomen
1203 1017 1319 1074 liberius

177 1123 210 1179 ad
226 1122 413 1197 praecedentia
428 1120 543 1177 relatum
558 1131 608 1185 est.
626 1120 753 1180 librarius
777 1122 860 1179 videri
884 1123 1009 1184 movisse,
1031 1130 1063 1179 ut
1085 1124 1135 1195 qui
1158 1119 1319 1178 seriberent.

262 1244 317 1298 Cat.
339 1247 381 1303 42.
405 1248 423 1301 3
445 1258 537 1298 omnes
560 1240 622 1297 libri
645 1243 712 1298 itam
733 1243 764 1297 in
788 1243 922 1298 citeriore
947 1241 1042 1298 Gallia
1068 1241 1101 1298 G.
1123 1239 1249 1295 Murena
1274 1255 1320 1294 ex·

177 1342 280 1400 hibent.
316 1343 351 1398 dt
369 1342 399 1398 G.
415 1341 552 1398 Murenam
573 1341 602 1398 in
617 1342 701 1399 Gallia
725 1342 903 1418 Transalpina
920 1343 1005 1400 inisse
1027 1350 1136 1400 constat
1154 1359 1185 1397 or
1206 1340 1259 1397 ilic.
1277 1356 1319 1415 pr.

177 1445 244 1502 llur.
267 1452 310 1507 41,
331 1451 380 1509 89;
399 1443 426 1499 in
448 1442 559 1500 Galliam
582 1444 740 1518 cisalpinam
760 1443 789 1513 Q.
812 1444 949 1502 bletellum
967 1447 1079 1503 missum
1101 1443 1187 1501 luisse
1209 1442 1273 1515 (ilie.
1291 1443 1319 1497 in

177 1547 233 1603 (lat.
257 1545 277 1601 ll
299 1552 340 1609 lt,
363 1545 408 1618 26)
428 1553 502 1603 certe
522 1563 579 1603 non
601 1546 745 1620 ignorabat
768 1544 922 1611 Sallustius,
945 1564 1108 1623 quamquam
1131 1563 1214 1621 supra
1234 1552 1278 1606 30.
1303 1553 1319 1603 5

177 1666 280 1721 aarum
300 1648 439 1705 Picenum
459 1646 547 1705 solum
570 1648 727 1704 nominavit.
767 1648 842 1706 llunc
868 1648 955 1722 igitur
975 1667 1098 1708 errorem
1120 1649 1320 1724 turpissnmum

178 1758 270 1808 utrum
291 1748 421 1806 Sallustio
440 1767 474 1805 au
494 1748 612 1807 librariis
631 1751 809 1825 inputandam
831 1750 995 1808 existumas?

264 1868 336 1937 Quae
358 1866 532 1925 dillioultates
551 1868 606 1924 Cat.
624 1875 692 1932 43.l
711 1868 831 1926 omnium
845 1868 979 1927 librorum
995 1871 1146 1946 scripturae
1168 1870 1198 1924 in
1215 1884 1318 1941 aarum

178 1972 373 2029 Faesulanum
392 1968 542 2032 obstarent,
568 1968 633 2028 olim
653 1988 831 2046 exposueram
852 1979 880 2028 ot
901 1971 1055 2048 ‘suspicatus
1073 1989 1147 2031 oram
1171 1970 1261 2028 locum
1278 1971 1318 2026 iu·

179 2073 365 2148 tellagurrdum
385 2089 446 2131 esse
461 2071 560 2129 bornae
579 2072 640 2129 nrbi
659 2073 825 2148 propiorem.
864 2071 948 2142 Quam
965 2074 1148 2151 suspicionem
1168 2090 1241 2129 nunc
1262 2071 1319 2128 abi·

177 2178 229 2239 cio.
253 2176 381 2250 quoniam
404 2192 468 2231 num
491 2173 606 2231 alterum
630 2174 760 2249 oppidum
781 2174 955 2233 Faesulanum
976 2177 1086 2234 nomine
1109 2173 1254 2236 exstiterit,
1277 2174 1318 2229 in·

177 2279 367 2336 certissumum
387 2284 430 2334 est
452 2285 481 2333 ot
503 2275 648 2335 Sallustius
663 2277 758 2350 utique
781 2275 896 2335 obscure
918 2279 1062 2353 scripsisse
1079 2277 1217 2353 putandus
1235 2284 1317 2332 esset.
1349 2355 1353 2361 .

178 2380 225 2437 Set
248 2380 410 2437 ianrdudum
426 2379 491 2435 mibi
513 2396 673 2454 persuasum
695 2386 745 2442 est.
769 2378 841 2436 aliud
860 2397 960 2438 nomen
975 2381 1008 2437 ab
1024 2399 1057 2439 ec
1077 2379 1209 2454 scriptum
1224 2377 1317 2439 luisse.

178 2481 251 2557 quod
273 2480 378 2538 librarii
400 2498 462 2537 cum
486 2480 574 2537 minus
597 2481 636 2537 eis
657 2480 858 2555 frequentatum
881 2490 962 2546 esset,
985 2483 1014 2539 in
1034 2482 1232 2539 Faesulanum
1251 2482 1304 2535 con

178 2584 326 2658 rupissent,
349 2583 422 2656 quod
441 2582 526 2639 inisse
545 2582 736 2640 Carsulanum
765 2600 850 2658 paene
880 2592 985 2642 eertum
1007 2583 1072 2640 mibi
1095 2583 1210 2639 videtur.
1255 2579 1319 2635 Car·

179 2683 254 2741 sulae
275 2685 355 2747 enirn,
380 2684 510 2759 oppidum
533 2683 657 2741 Umbriae
680 2685 752 2741 inter
774 2682 893 2751 Tiberim
915 2694 944 2743 ct
964 2686 1032 2742 viam
1055 2684 1225 2747 Flaminiam,
1252 2681 1319 2738 baut

177 2785 260 2860 longe
282 2784 315 2842 ab
333 2785 430 2842 Narnia
450 2786 532 2842 situm
558 2784 667 2858 (Strabo
688 2787 709 2840 V
727 2806 753 2862 p.
776 2794 828 2848 312
851 2788 891 2845 cd.
915 2787 994 2843 llein.
1031 2787 1100 2843 Plin.
1123 2785 1154 2843 ll.
1178 2784 1210 2840 tt.
1229 2783 1262 2839 lll
1287 2790 1321 2843 ll

178 2886 326 2961 (19).113.
357 2887 418 2944 Tac.
440 2886 508 2943 llist.
531 2887 563 2943 lll
585 2895 628 2951 60.
658 2888 790 2945 llannert.
813 2890 912 2964 Geogr.
941 2897 995 2945 ant.
1018 2889 1051 2946 lX
1076 2898 1087 2950 t
1110 2906 1137 2963 p·
1159 2884 1242 2959 482),
1272 2902 1320 2941 ne·

179 3006 231 3064 que
250 2989 345 3065 procul
366 2989 478 3046 aberant
497 2990 530 3053 ei,
555 2990 602 3064 qui
620 2989 653 3046 ab
674 2990 795 3049 Faesulis
817 2992 895 3049 devio
915 2990 1012 3047 itinere
1027 3008 1077 3065 per
1091 2989 1192 3047 montis
1207 2989 1319 3044 Romam

178 3099 285 3166 peteret
309 3122 345 3133 -
371 3092 396 3149 id
416 3109 480 3149 vero
501 3087 641 3149 Catilinam
664 3092 704 3149 sic
724 3093 891 3156 instituisse,
916 3108 951 3148 ne
980 3093 1075 3168 copiae
1103 3090 1144 3148 vel
1165 3088 1321 3147 dilaberen-

179 3200 225 3250 tur
248 3191 290 3250 vol
311 3194 411 3269 pugnis
432 3194 634 3259 minuerentur,
657 3195 713 3251 veri
735 3194 910 3252 simillnmum
932 3202 991 3257 cst,
1020 3224 1057 3235 -
1083 3209 1171 3267 neque
1193 3190 1227 3246 ab
1251 3191 1319 3247 urbe
1368 3210 1371 3215 ·

179 3295 216 3352 ita
240 3296 352 3354 dissitas
375 3304 464 3359 erant,
484 3304 515 3354 ut
537 3297 560 3352 si
578 3296 713 3354 coniurati
735 3296 819 3354 Roma
842 3296 1010 3371 erirpisseut‚
1033 3295 1128 3353 eodem
1149 3294 1193 3351 dio
1217 3293 1320 3351 exorei-

179 3406 235 3454 tum
265 3397 298 3454 ab
321 3397 369 3455 illo
393 3399 494 3473 oppido
515 3399 670 3474 proiectum
692 3399 836 3456 convenire
858 3415 913 3456 nou
936 3405 1058 3473 possent.

263 3517 371 3574 duobus
398 3517 464 3576 locis
492 3518 624 3575 biulrerus
651 3519 717 3574 item
744 3536 796 3594 pro
817 3524 912 3575 autem
935 3517 1076 3581 restitnit,
1104 3513 1237 3588 Selliugio
1265 3530 1318 3569 em.

177 3635 204 3695 p.
227 3626 261 3680 23
283 3638 324 3694 sq.
356 3628 512 3695 praeeunte,
541 3619 597 3676 Cat.
616 3626 663 3683 43,
687 3625 704 3678 2
724 3620 771 3677 ubi
794 3637 887 3677 omnies
915 3619 977 3675 libri
1006 3620 1145 3691 Cetbepus
1171 3615 1321 3673 Ciceronis

177 3722 294 3778 ianuam
317 3723 458 3779 obsideret
478 3737 599 3795 euinque
620 3724 647 3779 ui
667 3723 886 3796 suarattaratae,
909 3722 984 3777 alins
1000 3725 1094 3777 autem
1112 3720 1208 3787 alium,
1230 3724 1258 3773 rt
1275 3724 1319 3778 50.

181 3832 190 3883 t
219 3825 313 3880 liberti
338 3832 366 3881 at
388 3826 479 3898 parnei
499 3841 539 3882 ex
565 3825 715 3882 clientibus
741 3824 856 3881 Mutati
883 3825 1005 3880 diuersis
1031 3822 1181 3881 itineribus
1201 3819 1320 3892 opifices

178 3933 263 3999 atqcue
285 3929 402 3986 seruitia
421 3930 451 3984 in
473 3929 542 3985 uicis
560 3929 599 3983 ad
617 3942 680 3984 aum
698 3927 881 3999 eripiundum
900 3926 1106 3992 sollicitabant,
1130 3925 1240 3996 partim
1266 3935 1320 3977 eu-

177 4030 330 4100 qairebont
345 4030 432 4087 diceas
454 4031 744 4098 multitudinum·-,
768 4029 906 4102 Oatbayus
925 4034 1019 4083 autam
1046 4042 1102 4099 per
1129 4026 1246 4081 nuntios
1269 4020 1319 4096 sa-

177 4132 283 4187 mitiam
315 4140 400 4205 atque
420 4134 536 4191 libertas
556 4149 637 4200 suas,
664 4134 751 4190 lectos
775 4138 803 4188 at
829 4131 1020 4198 exercitatos,
1049 4128 1153 4186 orabat
1179 4133 1212 4184 ut
1231 4141 1320 4200 prece

215 4312 243 4377 l)
267 4314 381 4367 Iacobo:
413 4315 587 4381 ‘Andoutung
610 4316 658 4366 des
683 4330 732 4365 un·
760 4313 844 4365 durch
863 4311 1118 4378 einetlmwitleung
1135 4309 1320 4362 ontiesselten

179 4399 400 4451 ousbleiblicbon
420 4401 664 4452 Wolterstiirmena
686 4401 735 4452 der
760 4400 877 4451 Krttite'.
