2768 5010
154 392 195 457 60
516 375 740 460 meromaavu
764 419 827 465 ms.
851 408 938 465 1196.

155 586 180 620 a.
199 569 232 619 74
252 569 366 634 gerundi
385 570 590 635 pertinuissent,
611 570 704 620 eodem
722 569 792 631 loco,
813 570 903 634 quaid
917 571 1004 635 ipsum
1023 573 1158 630 narraret,
1177 567 1292 634 seriptu-

59 642 64 646 “
154 653 212 688 rum
232 639 325 687 luisse.
362 639 398 687 At
415 639 525 688 nimium
546 639 710 688 contendere
732 638 872 698 videntur,
897 639 942 702 qui
965 638 1110 704 epistulam
1131 642 1195 687 ante
1215 653 1240 686 a.
1252 637 1293 684 71

154 706 264 756 missam
288 722 426 770 negavere
445 707 539 768 (Nieb.
560 706 617 756 Cic:
637 723 677 772 pr.
696 707 775 755 Font.
795 733 827 740 —
847 706 880 755 fr.
900 723 925 770 p.
946 705 1010 767 77),
1034 707 1160 770 ‹proniam
1177 705 1292 768 Pompe·

153 775 217 834 ium,
238 789 291 838 qua
310 781 370 822 erat
387 774 541 839 prudentia,
562 790 641 838 quam
655 778 819 823 maturrume
834 790 904 838 quae
919 775 952 823 ad
967 773 1178 823 continuandum
1191 771 1295 825 bellum

80 864 83 875 ·
154 856 221 907 opus
240 849 345 902 essent,
370 843 512 906 paravisse
536 842 667 891 credibile
687 846 737 891 est.
775 842 841 891 Cum
865 843 919 891 777777
944 836 1042 905 negari
1063 845 1197 905 nequeat,
1221 840 1293 889 hanc

155 909 300 979 epistulam
320 926 345 958 a.
364 910 396 957 75
415 911 545 978 scriptam
564 911 658 969 luisse,
679 914 781 957 certum
801 909 984 958 testimonium
1002 908 1135 958 babemus
1152 907 1294 956 Diomedis

154 982 205 1026 art.
225 993 337 1042 gramm.
358 977 406 1026 lib.
425 979 438 1026 1
457 993 482 1041 p.
502 975 552 1026 36ss
570 976 658 1026 locum
678 977 736 1025 eius
755 993 787 1025 ex
806 977 875 1026 libro
888 977 1007 1026 secundo
1026 976 1182 1025 referentis.
1214 974 1292 1024 codi-

155 1060 201 1095 ces
219 1045 328 1094 scilicet
344 1047 454 1094 secundo
469 1045 509 1103 [A.
524 1045 555 1093 B.
570 1046 706 1094 Sallustius
717 1046 844 1093 sectandae
857 1052 899 1093 77777
912 1045 950 1103 Μ]
970 1049 1090 1099 tuentur,
1109 1042 1294 1107 interpolatae

154 1117 259 1162 tantum
279 1112 412 1161 editiones
432 1112 467 1173 (G
486 1113 557 1176 apud
576 1111 704 1171 Keilium)
723 1112 787 1161 libro
804 1115 881 1162 777777
901 1112 1038 1160 exhibent
1077 1111 1154 1172 Quod
1172 1111 1294 1159 testime-

152 1181 227 1230 nium
250 1181 291 1229 ita
314 1180 380 1228 dilui
403 1196 482 1245 posse
507 1185 537 1229 ut
555 1180 750 1243 grammaticus
774 1181 905 1229 memoria
928 1178 1021 1243 lapsus
1044 1179 1071 1227 in
1096 1193 1208 1230 numero
1230 1176 1294 1225 libri

154 1263 261 1297 errasse
280 1249 450 1307 ‹licatur,·e0
468 1248 555 1297 minus
574 1247 683 1312 probari
702 1251 801 1312 potest,
821 1248 892 1311 quod
910 1247 942 1295 fr.
958 1264 990 1296 777
1009 1246 1078 1295 171777
1096 1246 1124 1296 ΙΙ
1143 1244 1233 1294 relata
1251 1243 1293 1302 ⁸29,

153 1314 196 1376 51,
215 1315 247 1362 72
267 1315 301 1364 ad
319 1315 448 1378 inopiam,
468 1331 522 1379 qua
541 1315 710 1379 inperatores
723 1315 838 1363 Romani
852 1331 876 1364 a.
890 1315 922 1363 75
937 1320 1053 1363 exeunte
1066 1313 1189 1379 obpressi
1206 1312 1293 1370 luere,
1367 1332 1369 1336 ⁴

153 1387 289 1447 spectent.
332 1383 406 1446 Ergo
430 1398 490 1437 eum
519 1382 620 1431 nullum
647 1383 832 1431 testimonium
860 1387 948 1440 extet,
980 1396 1031 1446 quo
1059 1397 1119 1430 earn
1148 1379 1293 1445 epistulam

153 1449 223 1498 libro
242 1450 281 1499 111
299 1449 413 1498 inditam
432 1450 517 1499 luisse
536 1449 717 1510 confirmetur,
738 1477 769 1484 -
788 1466 851 1498 nam
870 1450 939 1514 quod
958 1450 985 1498 777
1005 1448 1063 1498 cod.
1083 1447 1106 1502 77
1126 1453 1189 1512 post
1205 1447 1294 1496 Macri

153 1518 305 1567 orationem
324 1517 477 1582 perscripta
496 1524 546 1578 est,
566 1517 594 1566 id
613 1517 715 1565 lactum
735 1517 798 1581 quia
816 1518 944 1567 librarius
957 1517 1095 1566 orationes
1114 1516 1148 1564 ab
1168 1514 1293 1579 epistulis

154 1600 284 1649 separare
303 1584 438 1634 voluit'—
459 1585 526 1634 adeo
544 1590 574 1633 ut
593 1585 755 1649 scriptorem
773 1584 1027 1634 minue-artificiose
1052 1589 1080 1633 et
1097 1583 1185 1648 perite
1204 1582 1232 1631 in
1251 1598 1292 1631 re·

153 1652 204 1702 bus
216 1653 369 1702 scribundis
379 1657 520 1711 versatum
534 1668 594 1702 esse
605 1652 757 1701 concedere
767 1653 924 1711 debeamus,
938 1648 1043 1700 17177711
1054 1649 1228 1714 adiungenda
1241 1655 1291 1698 est.

239 1771 268 1830 Si
296 1771 437 1830 advorsus
466 1771 728 1850 vos'patriamque
760 1779 788 1831 77
816 1771 887 1831 71775
914 1772 1026 1848 penatis
1052 1776 1094 1829 tot
1122 1769 1239 1828 labores
1265 1771 1325 1826 777

152 1857 283 1950 pericula
310 1873 519 1949 suscepissem,
551 1873 686 1950 quotiens
717 1867 854 1949 aprima
884 1872 1080 1932 adulescentia
1109 1869 1198 1930 71777777
1227 1888 1294 1929 meo

153 1973 360 2034 scelestissumi
382 1973 481 2033 hostes
504 1973 560 2033 lusi
585 1980 613 2032 77
635 1972 716 2032 771775
738 1972 816 2034 salus
837 1975 967 2052 praesim
990 1980 1048 2042 est,
1077 1971 1148 2030 nibil
1169 1969 1295 2048 amplius

108 2132 115 2150 ,
152 2076 182 2135 777
205 2075 357 2135 absentem
379 2093 426 2135 me
448 2075 620 2135 statuissetis
643 2093 730 2153 quam
752 2075 848 2134 adbuc
870 2077 969 2150 agitis,
998 2079 1097 2152 patres
1119 2072 1294 2149 conscripti:

127 2183 365 2254 77777777777777777
389 2183 515 2236 aetatem
536 2178 700 2252 proiectum
723 2176 757 2236 ad
780 2175 889 2236 bellum
912 2177 1123 2235 saevissumum
1151 2191 1217 2233 cum
1243 2191 1294 2232 ex·

153 2278 246 2336 ercitu
277 2284 396 2355 optume
425 2278 544 2343 77777777,
576 2284 717 2354 quantum
748 2285 792 2338 est
819 2280 848 2337 777
872 2276 968 2344 771775,
996 2276 1088 2343 lame,
1119 2276 1293 2334 miserruma

105 2444 108 2450 ,
149 2380 283 2438 omnium
308 2385 418 2447 morte,
440 2378 614 2437 confecistis.
659 2378 768 2438 11777777
789 2373 841 2456 spe
865 2376 990 2454 {repulus
1013 2375 1162 2436 Romanus
1183 2373 1329 2434 liberose

153 2498 222 2540 suos
242 2480 277 2539 ad
298 2479 406 2540 bellum
429 2477 525 2538 misit?
543 2477 615 2538 baec
636 2486 704 2539 577777
724 2481 853 2557 praemia
877 2496 931 2556 pro
954 2477 1121 2538 volneribus
1144 2483 1173 2536 77
1188 2477 1295 2564 totiens

52 2604 73 2625 ν
153 2579 276 2640 obrem
305 2579 453 2657 publicam
480 2579 545 2639 177577
571 2580 731 2656 sauguine?
771 2579 878 2640 Fessus
902 2579 1062 2640 scribundo
1090 2577 1295 2654 mittundoque

121 2680 267 2758 auegnos
289 2683 384 2740 omnis
406 2697 480 2760 opes
499 2687 528 2740 et
549 2698 617 2764 spes
640 2683 766 2758 privatas
786 2699 866 2741 777775
885 2682 1062 2758 consumpsi,
1087 2697 1153 2739 cum
1176 2679 1294 2737 interim

8 2860 14 2872 Ι
153 2781 272 2842 77771775
301 2800 353 2859 per
380 2784 539 2842 triennium
567 2783 612 2841 rix
642 2800 757 2843 annuus
784 2789 918 2860 sumptus
941 2782 1026 2841 7177775
1048 2787 1100 2841 est.
1142 2778 1346 2859 1777717753-

35 2905 40 2911 ·
74 2947 77 2951 ,
153 2881 326 2951 inmortalis,
351 2890 449 2944 utrum
473 2886 597 2944 censetis
624 2903 671 2944 7777
692 2885 785 2944 ricem
808 2885 902 2944 aerari
922 2891 1086 2962 praestare,
1115 2900 1152 2942 an
1181 2882 1294 2940 exerci-

152 2992 214 3044 tum
238 2978 299 3044 siue
322 2985 469 3045 frumento
493 2994 520 3046 et
542 2986 686 3062 stipendio
707 2985 818 3046 17717777
832 2986 936 3064 posse?
976 2984 1118 3062 Eqrridem
1136 2984 1228 3058 1777777
1246 2991 1330 3041 mes

153 3085 190 3145 ad
213 3087 270 3146 boo
290 3086 399 3145 bellum
422 3083 533 3147 maiore
557 3067 653 3164 studio
673 3106 760 3165 quam
780 3086 900 3147 consilio
916 3086 1096 3164 proiectum:
1120 3086 1228 3162 quippe
1245 3085 1295 3161 qui
1362 3092 1365 3097 '

121 3189 272 3248 unomine
295 3188 382 3247 77777717)
405 3190 534 3266 inperia
559 3187 640 3247 771775
662 3195 783 3265 accepto
801 3189 904 3249 dicbus
924 3188 1114 3266 quadraginta
1132 3186 1295 3245 777777777777

152 3291 267 3365 parari,
297 3288 446 3367 hostisque
477 3293 505 3350 777
530 3289 769 3350 77777771777577777
795 3289 892 3349 ltaliae
921 3291 1035 3365 agentis
1061 3288 1098 3347 ab
1118 3286 1240 3364 Alpibus
1265 3287 1294 3344 777

152 3390 319 3467 Hispaniam
351 3389 493 3450 submovi.
547 3391 604 3450 Per
642 3409 691 3451 eas
719 3393 774 3450 iter
808 3391 885 3450 aliud
915 3399 1001 3468 obpro
1029 3387 1172 3449 Hannibal
1209 3386 1295 3446 nobis

153 3493 336 3569 oportunius,
355 3491 488 3568 patefeci.
532 3492 639 3569 lleccpi
661 3491 782 3554 Galliam
799 3492 992 3571 l‘peuaeum,
1012 3491 1196 3550 Lacetaniam
1217 3488 1294 3547 177717-
1313 3496 1331 3544 5

237 3627 321 3674 'susm
343 3641 401 3674 scu.
439 3627 562 3676 Diomed.
583 3627 595 3675 1
613 3645 639 3692 p.
659 3626 721 3676 377177
740 3635 853 3690 praesto,
871 3629 1000 3690 prae-stili.
1026 3628 1095 3689 apuu
1112 3627 1229 3690 antiquos
1247 3624 1295 3672 71777

152 3693 251 3742 verbum
266 3711 317 3757 pro
338 3697 430 3742 ‘mellus'
448 3696 494 3742 cat'
511 3695 655 3758 ponebatur
672 3703 715 3743 77777
729 3711 780 3758 pro
800 3697 947 3743 ‘antecedit'
966 3701 1009 3743 77777
1029 3699 1141 3755 ‘superat
1151 3694 1166 3739 '.
1194 3708 1249 3739 7777777
1268 3693 1294 3739 777

152 3763 232 3810 77777717
248 3764 432 3826 slpur'ficulloae
451 3762 457 3784 ⁴
464 3761 592 3825 praebco’
612 3769 696 3826 polius
711 3763 845 3821 dicebant,
871 3765 919 3811 77757
941 3763 1009 3827 quod
1025 3762 1159 3810 Sallustius
1182 3761 1294 3808 secundo

152 3831 203 3876 nit:
221 3835 307 3876 utrum
328 3829 415 3877 ricem
435 3845 476 3878 mc
497 3830 597 3878 aerarii
616 3837 759 3894 praestare
779 3830 898 3879 creditis.
1159 3837 1163 3844 '

238 3965 306 4013 Vna.
327 3979 386 4013 scu.
426 3963 447 4012 1.
467 3964 577 4028 penatis
595 3963 628 4017 77.
654 3991 685 3999 -
708 3966 733 4012 2.
758 3965 883 4028 quotiens
901 3963 934 4016 ts.
995 3962 1184 4011 adulescentia
1202 3960 1235 4014 tt.
1260 3986 1293 3994 -

152 4032 177 4080 7.
196 4032 257 4080 Hac
276 4032 353 4095 inspe
373 4030 405 4083 77.
442 4031 558 4081 haccine
578 4048 626 4097 spe
645 4032 753 4081 77717777
772 4034 831 4080 sine
850 4048 898 4096 spe
914 4032 973 4082 Urs.
992 4057 1025 4064 -
1042 4030 1067 4078 8.
1087 4029 1246 4078 volneribus
1259 4027 1292 4080 ll.

152 4099 253 4151 totiens
266 4097 298 4151 dl.
320 4125 350 4134 -
372 4098 411 4147 10.
432 4100 518 4147 omnis
530 4098 563 4151 tl.
582 4126 615 4133 —
637 4099 675 4148 lt.
690 4099 841 4148 inmortalis
854 4097 886 4151 ll.
935 4098 1024 4147 aerari
1033 4096 1070 4154 Ἣ.
1091 4125 1122 4133 -
1143 4095 1182 4145 16.
1195 4096 1293 4144 hostis·

153 4182 205 4230 que
224 4165 256 4219 b.
282 4192 313 4199 -
340 4165 377 4215 17.
405 4165 473 4215 aliut
495 4165 528 4219 ll.
582 4167 700 4215 Annibal
718 4165 751 4219 ll.
775 4193 807 4201 -
834 4166 872 4214 18.
892 4166 1074 4214 Lacetaniam
1093 4164 1126 4217 il.
1163 4165 1293 4212 Lucetta-

152 4234 225 4283 77177777
248 4235 307 4282 Vnt.
326 4235 351 4282 2.
387 4232 563 4282 Laletaniam
584 4235 676 4283 Carrio
694 4241 718 4282 et
739 4235 808 4282 Cart.
861 4233 994 4297 Indigetis
1013 4231 1045 4284 ll.
1084 4231 1297 4295 lllergetumeel

152 4300 287 4364 Ilergetes
305 4303 364 4349 77171.
401 4303 440 4349 De
459 4302 597 4350 Lacetanis
617 4299 702 4365 (Plin.
723 4299 758 4349 Il.
781 4303 812 4348 N.
832 4300 925 4360 1113)
944 4300 1118 4349 lraceStrolm
1138 4299 1180 4346 111
1197 4315 1225 4360 p.
1244 4296 1296 4344 *2171

152 4368 251 4444 basim:
266 4369 438 4417 συνοικεῑται
453 4361 484 4417 δὲ
497 4359 553 4417 ὑπὸ
566 4362 705 4418 πλειόνων
721 4359 817 4418 ἐθνῶν
829 4359 846 4432 ἡ
857 4360 946 4448 pcipe,
965 4357 1184 4431 γνωριμωτάτου
1198 4358 1230 4413 777
1244 4363 1295 4413 τοῦ

152 4433 208 4486 tatia
229 4433 413 4499 Ιακκητανῶν
436 4430 603 4501 λεγομένου·
628 4434 712 4485 τοῦτο
735 4425 766 4484 d’
788 4425 954 4500 ἄρξαμενον
976 4424 1034 4495 duci
1057 4432 1108 4499 τῆς
1131 4431 1295 4496 sepmeries
