2768 5010
155 371 201 452 ,34
455 413 472 423 -
525 386 750 431 nrsromsnvu
774 386 836 430 tm.
857 386 883 457 rr
911 376 948 431 n.
1007 373 1010 380 '

161 546 200 588 set
219 540 254 586 od
270 540 378 601 proelio.
414 537 482 586 Cum
501 537 534 587 de
547 537 687 588 exercitiis
699 539 814 594 (licetur,
834 538 931 601 quibus
943 537 1045 588 milites
1059 538 1092 586 ed
1105 533 1212 601 parebas
1225 549 1307 599 prae-

162 607 340 671 parabantur,
359 613 428 655 oeete
447 607 513 655 serri
531 621 584 654 non
604 613 702 670 potest.
735 606 842 654 Etenim
862 606 885 654 si
905 621 963 653 ceum
979 605 1083 653 Kritnio
1096 606 1307 653 instrumentum

163 690 212 738 pro
231 689 313 723 onere
333 689 432 736 irragno
451 675 634 738 promovendo
647 673 748 721 dictum
762 679 884 731 statuas,
904 672 931 720 id
943 688 997 721 nou
1011 677 1053 719 est
1066 672 1191 721 exercitii
1208 686 1307 734 genus,

163 741 212 790 sed
231 740 309 790 labor
326 741 354 788 iu
372 742 431 805 ipso
450 741 522 789 bello
542 741 722 790 excutiendus
741 741 781 802 (ut
800 738 924 803 ταφρειά
943 745 971 788 et
989 732 1147 802 χαράκωὰις
1166 755 1210 802 ap.
1230 738 1306 786 l'lut.

163 809 232 857 Mar.
253 826 276 858 c.
295 809 309 855 t
330 809 418 870 extr.)¹
456 810 557 869 Quare
577 807 707 871 scriptum
727 807 811 857 luisse
831 809 911 856 eredo
927 808 1009 866 soree.
1041 808 1098 855 Cir.
1112 808 1210 868 l'eget.
1232 804 1306 854 lle:

163 877 266 925 Pondus
286 893 382 941 quoqne
401 876 514 925 baiolare
532 891 608 939 usqne
627 877 661 923 od
678 881 816 938 senopinta
833 874 912 923 tidros
930 881 955 922 et
974 880 1024 922 iter
1039 876 1129 934 faeere
1140 875 1224 936 {produ
1242 876 1307 921 ruiti-

162 948 215 992 tari
228 944 433 1008 t'reqnentissirue
451 945 560 1006 rependi
575 950 631 990 ssent
651 946 768 999 tortiores,
789 942 876 1007 qreidos
895 945 919 990 in
937 944 1026 990 ordiris
1039 941 1244 1005 erpeditioaidus
1262 957 1307 987 ne-

162 1013 268 1060 cessitas
286 1012 391 1059 inrmtnet
410 1025 532 1058 annonam
549 1011 651 1073 pariter
668 1016 694 1056 et
712 1026 783 1057 torno
799 1011 931 1073 portandi.
969 1010 1022 1057 Nee
1043 1011 1090 1057 doe
1107 1010 1231 1056 ere-(latur
1248 1023 1308 1055 esse

163 1079 274 1140 difficile.
293 1082 317 1126 si
334 1094 391 1125 ireres
409 1080 562 1126 occesserit.-
581 1078 641 1124 nidr'l
658 1077 720 1124 euim
739 1084 777 1123 est
796 1079 864 1141 quod
882 1093 930 1124 non
949 1078 1053 1124 irretitos
1065 1077 1193 1125 nrertitatio
1210 1076 1307 1135 sacilli·

155 1161 223 1193 marn
241 1146 343 1194 reddat.
380 1145 456 1203 Quam
474 1161 525 1192 reru
545 1149 660 1208 rrntiqnos·
678 1145 769 1192 milites
784 1147 943 1206 flectitur-isne
967 1146 1081 1207 l'erpitio
1106 1147 1161 1207 ipso
1180 1149 1244 1190 teste
1264 1159 1307 1190 eo-

161 1213 298 1276 paoseitur.
318 1216 362 1276 prii
377 1216 413 1259 att
432 1211 476 1273 (ii.
496 1212 537 1259 Ili
555 1210 628 1272 titii:

367 1280 426 1328 Non
445 1294 523 1327 secus
543 1295 575 1327 ae
593 1279 690 1342 patriis
710 1295 774 1329 acer
792 1279 930 1328 Romanus
948 1279 975 1328 in
995 1279 1077 1327 annis

367 1346 471 1394 Iniuste
490 1346 539 1394 sub
559 1347 636 1394 fasee
655 1346 727 1395 viem
746 1362 806 1394 crim
825 1348 914 1410 carpit
932 1353 959 1395 et
977 1346 1049 1395 hosti

367 1414 437 1462 Ante
456 1419 628 1478 expectatum
648 1414 744 1478 positis
763 1419 818 1461 stnt
836 1415 864 1461 iu
877 1415 985 1477 agmine
1000 1414 1106 1462 eastris.

253 1547 290 1606 ’12
315 1545 374 1627 [lir.
391 1554 433 1604 ee.
456 1551 485 1605 e.
502 1546 559 1627 22].
599 1547 672 1607 Natu
693 1547 802 1607 Sullam
826 1548 975 1607 eorrsniem
1002 1548 1038 1607 de
1061 1547 1154 1606 redim
1180 1548 1243 1605 ciris
1264 1546 1307 1605 le-

166 1665 232 1724 gem
246 1647 388 1707 serentem
401 1667 435 1707 ex
450 1649 601 1724 conposito
618 1648 753 1708 tribunus
766 1647 860 1727 plebei
872 1648 906 1707 G.
920 1649 1085 1708 Herennius
1102 1646 1305 1726 prohibuerat.
1344 1703 1359 1709 ,.

251 1764 356 1814 Gellius
375 1766 406 1814 N.
427 1767 459 1813 Α.
478 1765 502 1813 Χ
520 1764 553 1812 ’ὶο
574 1771 717 1830 postquam
736 1765 769 1815 de
794 1766 951 1815 discrimine
976 1767 1046 1815 inter
1063 1770 1140 1828 tepens
1159 1772 1186 1814 et
1203 1766 1305 1828 priuile-

165 1835 230 1895 pium
248 1833 437 1881 intercedente
457 1833 581 1896 exposuit
595 1849 627 1881 ae
641 1839 732 1888 tomen
746 1833 816 1898 apud
830 1840 937 1882 veteres
951 1835 1099 1899 scriptores
1112 1848 1165 1882 non
1178 1848 1307 1895 inaquam

92 1948 101 1960 ,
166 1899 347 1948 differentiam
366 1899 475 1948 illorum
494 1899 687 1949 vocabulorum
707 1917 766 1949 esse
787 1902 993 1959 errimadvortit,
1016 1903 1031 1958 ,6
1052 1900 1083 1948 10
1101 1901 1197 1949 adicit:
1222 1900 1306 1949 Sotiu-

165 1971 228 2016 stins
246 1983 349 2032 qnoque.
368 1972 555 2031 proprietatum
574 1968 598 2014 in
616 1967 699 2015 cerdis
717 1971 938 2019 retinentissumns.
958 1970 1132 2018 consuetudini
1143 1969 1267 2016 concessit
1281 1975 1306 2016 et

164 2035 319 2098 priuileyimn
339 2037 407 2100 qood
423 2037 454 2084 de
475 2035 521 2084 Gn.
542 2034 646 2097 Pompei
663 2037 746 2084 reditu
766 2037 913 2097 serebatur,
933 2040 1011 2099 tepens
1033 2037 1178 2099 appellauit.
1218 2035 1307 2083 Verlm

166 2116 201 2151 ex
217 2104 329 2165 seeundo
352 2105 404 2151 eires
428 2104 535 2152 distorto
557 2102 620 2150 doec
642 2110 714 2150 sunt:
741 2103 810 2151 Nam
830 2130 859 2137 —
880 2103 1065 2167 prohibuerat.
1102 2103 1222 2151 ibicum
1242 2101 1304 2150 libri

166 2184 222 2217 narn
239 2173 305 2218 ittam
324 2171 416 2218 Suttorn
436 2169 598 2227 exlribeaut,
623 2172 689 2217 tttora
707 2185 740 2218 ex
759 2169 946 2235 dittograpbia
964 2177 1056 2218 natum
1070 2185 1130 2219 esse
1149 2168 1304 2218 ianuiudum

166 2235 216 2285 viri
235 2237 307 2284 docti
332 2251 503 2301 perspexere.
547 2236 619 2296 Quin
643 2236 676 2285 de
702 2239 752 2286 (in.
776 2237 888 2301 Pompei
911 2253 944 2286 ex
967 2238 1062 2290 Africa
1087 2238 1174 2286 reditu
1197 2236 1305 2284 dicatur

166 2302 275 2352 dubium
294 2319 347 2351 uon
367 2311 478 2367 est,·set
496 2303 529 2351 d'e
549 2303 664 2367 reipsa,
684 2304 811 2367 ‹prorriem
831 2305 865 2352 ab
883 2304 959 2353 nullo
978 2304 1032 2353 alio
1051 2311 1172 2354 ueterum
1191 2305 1303 2368 scripto-

166 2385 224 2419 rum
242 2380 453 2430 conmemorata,
474 2369 586 2418 multum
605 2376 633 2418 ct
651 2371 678 2418 iu
696 2372 847 2420 contrarias
867 2377 959 2436 partes
973 2378 1014 2420 est
1027 2371 1201 2437 disputirtmn.
1234 2371 1303 2419 Con-

165 2443 272 2502 pertum
290 2438 373 2500 igitur
391 2444 433 2485 est
451 2453 484 2485 ex
498 2436 569 2486 l'lut.
581 2438 673 2502 Pomp.
691 2437 720 2486 13
734 2439 863 2503 Pompeio
882 2455 941 2487 curu
957 2440 1008 2487 tin.
1023 2439 1170 2489 Domitium
1184 2442 1210 2487 et
1223 2439 1302 2487 iiim·-

168 2507 230 2553 bam
248 2505 404 2564 devicisset,
424 2504 531 2552 litteras
550 2504 637 2553 lioma
656 2506 752 2554 missas
772 2522 847 2560 esse.
867 2512 896 2554 ut
910 2507 1032 2556 exercitu
1051 2507 1162 2555 dimisso
1176 2522 1236 2555 cum
1248 2521 1303 2554 uua

165 2571 275 2637 legione
300 2572 398 2621 Uticae
422 2571 589 2620 sirecessoris
614 2572 759 2621 adveutum
785 2579 953 2637 expectaret.
995 2574 1063 2622 'sum
1087 2574 1187 2622 milites
1211 2574 1253 2621 ira
1277 2574 1303 2620 in

165 2638 269 2688 Sullam
288 2639 433 2696 exarsisse,
452 2645 630 2702 maxumeque
649 2640 759 2703 negotio
782 2641 964 2705 inperatorem
983 2657 1075 2689 eorum
1095 2642 1198 2690 aniums
1216 2640 1303 2688 molli·

167 2706 252 2765 visse;
265 2706 334 2768 quod
344 2721 404 2754 ‹eum
412 2707 514 2754 Itomae
526 2706 681 2754 examiituru
692 2713 775 2765 esset,
786 2707 948 2772 triumphurn
960 2709 984 2756 ei
996 2712 1154 2758 eoncessum
1169 2709 1302 2763 illorums.

166 2773 194 2822 Il
212 2789 238 2836 p.
258 2771 317 2833 :ten
337 2772 477 2836 ipsumque
497 2773 531 2820 ab
551 2772 627 2821 Sulla
645 2774 738 2836 lingui
759 2775 946 2839 adpellatione
970 2775 1120 2824 salutatnm
1139 2790 1208 2824 esse:
1245 2775 1303 2823 lam

166 2839 290 2904 plerique
304 2838 393 2902 legem
407 2839 492 2897 iilam,
512 2856 592 2903 (qutun
612 2844 825 2891 eournemoraxit
838 2843 991 2901 Sallustius,
1006 2843 1165 2905 latamesse
1179 2848 1303 2895 censent,

167 2912 310 2972 postquam
329 2907 429 2955 milites
448 2907 560 2971 l'ompei
584 2908 611 2955 iu
634 2909 701 2964 iram
725 2917 898 2968 exarserant,
923 2917 965 2957 set
989 2911 1016 2959 in
1035 2911 1173 2959 contraria
1193 2910 1303 2967 abenut,

167 2990 228 3024 eum
248 2973 295 3021 alii
314 2974 437 3037 il‘iglrius
456 2975 519 3023 t'ast.
539 2975 581 3023 lli
593 2975 644 3023 ete
657 2976 827 3026 adsentiente
842 2978 1005 3029 tierlaebiol
1025 2978 1127 3026 Sullam
1146 2983 1176 3024 ut.
1193 2982 1305 3024 serratus

167 3039 332 3094 consultum,
363 3058 415 3104 quo
439 3043 584 3106 Pompeius
612 3049 755 3092 revocatus
779 3052 852 3103 erat,
881 3045 1037 3105 tolleretur,
1063 3045 1110 3093 alii
1133 3045 1242 3105 (urum.
1268 3044 1304 3090 Il'

167 3125 192 3173 p.
212 3107 261 3157 :tte
280 3125 319 3171 sq.
341 3109 372 3158 N.
391 3109 434 3167 nn
454 3116 483 3157 ut
502 3109 708 3159 continuaretur
726 3112 820 3160 tulisse
840 3112 1014 3161 arbitrentur.
1051 3112 1130 3172 (tired
1149 3113 1171 3159 si
1191 3110 1304 3159 Sallusti

167 3175 251 3224 verbe
266 3176 538 3236 considerm'erimus,
558 3183 660 3225 eertum
674 3185 716 3226 est
728 3182 805 3242 tepere
818 3180 849 3227 de
861 3181 945 3228 redint
958 3184 1010 3228 eius
1023 3179 1078 3228 alio
1092 3179 1169 3227 modo
1180 3177 1304 3238 intellegi

166 3258 220 3291 non
239 3259 328 3307 posse,
349 3259 428 3306 ‹qitrun
448 3242 537 3311 legem
556 3244 588 3293 de
609 3245 696 3293 reditu
715 3246 751 3293 Μ.
772 3246 926 3305 Ciceronis,
953 3263 1032 3310 (lirani
1052 3246 1134 3310 pardo
1154 3251 1237 3294 autea
1255 3249 1269 3304 ,8
1290 3245 1305 3292 :t
1367 3297 1373 3308 ¹

168 3310 273 3358 (lollius
292 3317 552 3370 eoumenrorarcrat,
572 3327 638 3374 ergo
657 3311 760 3360 Sullam
780 3313 884 3373 tulisse,
906 3317 936 3362 ut
956 3314 1083 3378 Pompeio
1102 3329 1161 3362 eum
1182 3315 1304 3361 exercitu

164 3377 255 3426 redire
274 3376 379 3426 liceret.
417 3379 448 3426 lli
468 3378 523 3440 legi
542 3380 683 3442 conposito
707 3380 863 3428 intercessit
882 3382 913 3428 e.
935 3381 1088 3429 Herennius
1108 3386 1140 3428 tr.
1161 3379 1196 3444 pl.
1234 3380 1305 3440 Quid

167 3449 251 3507 erge?
269 3446 470 3504 intercessisse,
490 3458 550 3493 eum
568 3445 646 3494 sulla
664 3447 761 3500 ferret.
781 3455 811 3494 ut
830 3448 990 3504 consultum,
1011 3463 1062 3511 quo
1081 3454 1226 3496 revocatus
1245 3454 1306 3495 ertit

166 3513 224 3561 sine
245 3513 381 3569 exercitu,
402 3513 577 3560 aboleretur?
612 3516 672 3573 Quo
690 3515 800 3562 taudem
819 3515 876 3563 iure
895 3515 940 3564 vel
958 3516 1023 3564 iuris
1042 3516 1133 3580 speeie
1153 3514 1193 3562 illi
1213 3515 1304 3563 trimu-

166 3578 235 3645 phus
259 3579 385 3628 decretus
410 3582 469 3627 est?
507 3580 656 3629 'l'rilnumm
687 3587 778 3629 instem
804 3588 850 3630 aut
873 3589 904 3630 ut
927 3583 1124 3632 intercessione
1149 3582 1304 3636 desisteret,

166 3655 320 3695 conmotam
339 3674 369 3681 -—
388 3647 524 3695 nisiiorte
538 3647 660 3710 quisbue
675 3648 783 3698 tielrere
803 3649 869 3698 uelit
887 3650 920 3699 fr.
934 3649 967 3699 34
986 3677 1017 3684 -
1037 3655 1084 3698 arrt
1101 3649 1191 3711 legem
1211 3654 1305 3697 contra

166 3714 391 3763 intercessionem
409 3714 543 3778 perlatam
563 3731 623 3762 esse
643 3731 729 3778 neque
749 3718 896 3765 memoriae
915 3717 1043 3766 traditum
1063 3732 1114 3765 nee.
1132 3732 1181 3780 per
1198 3732 1227 3763 se
1247 3717 1305 3765 reri

167 3782 254 3831 simile
274 3788 323 3830 est.
361 3782 463 3841 Quare
482 3782 522 3830 ita
541 3798 595 3830 rem
616 3782 718 3831 fmtam
738 3800 798 3833 esse
818 3785 969 3848 cogitemus
987 3800 1101 3832 neeesse
1121 3790 1171 3832 est.
1204 3785 1304 3831 Secun-

167 3848 228 3896 durrr
247 3848 336 3910 legem
357 3848 512 3896 Corneliam
531 3877 559 3885 μ
582 3850 604 3896 si
624 3850 650 3897 iu
669 3851 826 3915 Pompeium
845 3851 933 3901 valuit
955 3879 983 3885 -
1001 3852 1137 3901 dimittere
1157 3851 1304 3899 exercitum

168 3922 195 3963 et
213 3916 364 3963 stiecessori
384 3916 552 3978 provinciam
572 3917 680 3965 trudere
699 3918 833 3977 debr-liat,
857 3924 931 3967 certe
956 3919 1083 3982 trimnplri
1107 3917 1238 3980 bonorem
1263 3933 1305 3963 so-

167 3982 281 4030 eundum
306 3983 382 4042 leges
406 3999 494 4031 mores
513 3984 638 4032 instituta
656 3990 751 4048 petere
771 3985 797 4033 ci
815 4001 869 4033 non
887 3985 1017 4034 licebat·
1037 3990 1085 4034 e'et
1103 3985 1180 4034 Sulla
1198 3999 1259 4033 eum
1279 3984 1304 4031 id

167 4063 266 4113 cupere
286 4050 401 4098 sciebat.
438 4052 473 4098 at
490 4051 617 4114 uegmnlo
636 4051 737 4101 bonore
757 4052 881 4101 iuvenem
901 4053 933 4100 de
953 4069 981 4101 se
999 4059 1107 4116 optmuc
1119 4052 1243 4100 meritum
1257 4068 1304 4114 pa-

168 4115 222 4165 lam
245 4117 395 4165 obtendere
420 4133 452 4165 ae
477 4116 587 4166 laedere
611 4118 706 4166 noluit.
748 4119 819 4179 Quid
843 4119 947 4181 igitur?
969 4125 999 4167 ut
1022 4121 1047 4166 el
1070 4124 1218 4184 erogaretur
1236 4133 1304 4166 neve

166 4184 225 4247 ipse
245 4191 336 4232 tamen
356 4199 471 4248 negasse
491 4184 642 4244 rideretur,
661 4186 720 4248 ipsc
739 4185 829 4249 legem
848 4186 910 4233 tulit
928 4187 1016 4234 ut'illi
1034 4192 1131 4235 eontra
1148 4186 1226 4247 leges
1245 4200 1304 4233 emn

167 4252 289 4299 exercitu
309 4251 396 4299 redire
416 4251 521 4310 liceret,
541 4257 584 4300 set
602 4251 634 4300 (i.
654 4253 822 4301 Herennium
842 4254 1016 4317 conparavit,
1042 4255 1088 4316 qui
1111 4253 1246 4318 rogationi
1266 4254 1306 4301 in·—

167 4318 328 4368 tereederct.
365 4318 551 4379 ‹1¹11i,1onmmo
570 4319 670 4375 obstat,
691 4320 761 4384 quod
779 4320 880 4375 milites
893 4320 1005 4385 Pompei
1017 4321 1112 4369 nuntio
1131 4324 1246 4383 accepto
1265 4321 1306 4368 ira

166 4384 194 4433 in
212 4384 316 4433 Sullam
334 4387 470 4435 exarsisse
490 4387 636 4436 memoriae
654 4388 789 4453 proditum
808 4393 858 4437 est.
890 4386 971 4437 Certe
989 4388 1063 4436 enim
1077 4388 1246 4454 exploratum
1266 4389 1305 4436 eis
