2768 5010
401 399 626 443 rns'roarauvu
647 399 712 440 nra.
735 399 767 442 ιν
798 389 927 445 Ιλ-ιό.
1191 365 1256 440 97'

88 568 122 601 ex
135 566 248 601 numero
261 550 326 600 libri
339 550 463 616 adparet.
494 551 525 600 In
544 551 680 601 nearinem
700 556 792 600 autem
810 549 906 599 melius
925 565 959 599 ea
977 549 1132 604 convenire,
1152 561 1233 612 quam

87 621 116 668 in
136 620 168 670 G.
191 619 317 678 Verrem,
338 624 419 668 aeute¹
438 620 562 668 Kritzius
580 619 729 693 perspexit.
767 619 809 667 lle
828 617 889 667 loeo
907 617 954 666 ubi
973 633 1008 667 ea
1026 617 1101 666 diota
1119 614 1232 675 fuerim,
1290 652 1294 657 .

87 703 149 746 ¹eum
169 687 410 750 quaeritur,„pum
428 685 575 737 Sallustius
599 687 633 743 de
658 685 836 744 accusatione
861 684 893 734 G.
913 675 1007 734 Verris
1032 683 1114 734 aliter
1132 698 1251 748 seper.
1272 725 1290 733 ..

87 764 276 804 transcursum
289 754 397 813 dixerit,
417 754 445 802 iu
463 755 568 804 incerto
588 753 794 818 relinquendum
808 760 863 802 ost:
884 760 926 801 set
939 752 991 801 duo
1004 752 1082 801 tuere
1094 751 1166 811 loos,
1185 749 1245 800 ubi.

86 821 156 871 illud
169 822 393 903 eommodissume
407 822 491 871 scribi
504 823 602 886 potuit,
622 829 669 872 aut
687 821 733 870 ubi
752 821 785 870 de
800 821 928 885 Spartaci
941 819 1056 868 oonsilio
1068 819 1097 867 in
1111 817 1232 868 Siciliam

87 890 249 940 transeundi
268 889 380 940 dicebat
398 892 522 955 scriptor,
544 896 591 939 siut
610 889 707 939 ubido
727 889 878 954 piratarum
896 887 1058 936 latrociniis.

177 1009 217 1068 12
241 1007 302 1088 [lie.
319 1017 357 1064 lu.
374 1013 404 1066 tl.
418 1007 458 1086 s]
494 1007 640 1067 Dissidere
658 1009 733 1067 iuter
755 1026 786 1066 se
802 1024 928 1084 coepere
944 1022 1040 1083 neque
1059 1006 1087 1063 in
1105 1004 1232 1064 medium

88 1108 266 1170 consultare.

173 1228 251 1277 Δῖον.
272 1245 299 1293 p.
318 1224 381 1276 238:
402 1229 426 1276 ia
445 1227 549 1276 rrredr'urrr
566 1244 615 1291 pro
634 1231 659 1277 ia
678 1243 810 1277 commuue.
830 1251 863 1261 -
881 1229 975 1276 Salast.
997 1226 1066 1274 Hist.
1088 1224 1156 1274 1111:
1179 1222 1233 1273 dis-

87 1297 179 1346 sidere
199 1323 228 1331 -
249 1294 416 1346 consultare.
454 1294 616 1346 Inlustravit
633 1295 754 1345 liritzius
778 1293 870 1344 adlato
893 1293 954 1343 loeo
978 1293 1048 1344 i'lut.
1074 1292 1166 1342 Crass.
1188 1289 1232 1341 ll:

89 1355 227 1430 ἐφοβήθη
245 1357 299 1429 μὲν
317 1348 371 1412 οὖν
388 1352 404 1412 ὁ
423 1355 554 1426 Κράσσος
571 1354 610 1429 μή
630 1355 711 1429 λάβοι
731 1378 773 1420 τις
791 1352 865 1427 ὁρμὴ
883 1355 935 1411 τὸν
952 1352 1128 1441 Σπάρτακον
1151 1356 1234 1478 μουσο-

89 1447 171 1497 quam
189 1431 357 1481 munimenta
372 1430 553 1480 Romanorum
572 1431 600 1480 in
618 1431 725 1481 Bruttio
743 1427 876 1496 perrupit]
897 1419 944 1481 lut
961 1421 1014 1496 τὴν
1028 1419 1133 1494 Ρσὸμην
1167 1418 1232 1478 λαοί·

89 1513 163 1562 retr,
183 1489 327 1580 ἐθάρρησε
347 1492 379 1548 al
396 1496 510 1574 πολλῶν
529 1489 560 1548 ἐκ
579 1495 725 1563 διαφορᾶς
743 1487 930 1548 α’ποστσὶντων
942 1486 1033 1548 αὐτοῦ
1051 1490 1101 1547 παλ
1119 1508 1234 1561 στρατο-

89 1563 311 1643 πεδευσᾳμενων
328 1565 391 1616 καθ
422 1559 528 1623 αυτούς
547 1557 593 1617 ἐπὶ
612 1563 791 1640 Λευκανίδος
809 1565 921 1630 λίμνης,
939 1553 1059 1631 ἦνφασι
1077 1556 1234 1628 τρέπεσθαι

91 1626 140 1684 διὰ
161 1648 264 1698 χρονου
283 1625 441 1698 γενομένην
459 1634 595 1697 γλυκεῖαν
614 1630 662 1684 καὶ
682 1634 771 1692 αυθις
789 1624 922 1698 ἁλμυρὰν
939 1628 988 1683 καλ
1006 1621 1123 1682 ἄποτον.

182 1751 218 1813 13
243 1751 302 1833 [lir.
320 1760 362 1809 ll.
386 1756 415 1810 G.
432 1750 489 1831 77].
535 1752 628 1831 Sapor
652 1754 730 1812 iuxta
754 1753 841 1811 lentis
863 1750 1070 1811 dulcissumos.

175 1872 253 1920 Arus.
274 1887 299 1935 p.
319 1868 369 1919 ’262
382 1886 404 1919 s.
419 1887 443 1919 v.
462 1886 543 1934 sapor
560 1875 635 1919 irrata
652 1873 719 1919 illam
737 1885 799 1919 rem.
826 1869 867 1918 Ad
881 1869 944 1933 quid
957 1869 1027 1917 haee
1040 1867 1126 1917 verba
1139 1867 1235 1916 melius

90 1940 255 1996 referantur,
275 1953 355 2002 qaam
374 1953 434 1986 eum
455 1938 559 1986 Kritzio
580 1939 613 1986 ad
633 1939 722 1987 laeum
742 1937 894 1995 lureaniae,
914 1936 948 1985 de
968 1950 1020 1999 quo
1039 1935 1107 1984 dixit
1125 1934 1195 1984 l'lut.
1215 1933 1233 1982 Ι.

92 2008 128 2057 ad
148 2006 178 2056 lt
197 2005 303 2062 adlato,
323 2021 377 2055 non
396 2006 514 2055 invenio,

181 2127 217 2185 14
239 2122 300 2203 [lir.
320 2133 362 2181 44.
394 2130 424 2182 tl.
443 2123 501 2203 61].
547 2124 665 2183 Aridior
688 2124 776 2183 modo
797 2122 977 2200 properandi
997 2121 1100 2181 laetus.

176 2243 254 2292 arus.
274 2259 300 2308 p.
319 2241 382 2290 210:
403 2244 490 2292 arrides
508 2245 573 2291 illias
591 2243 638 2291 rei.
675 2242 716 2291 De
737 2242 846 2303 Crasso,
866 2242 912 2305 qui
931 2256 991 2290 eum
1009 2238 1168 2304 Pompeium
1187 2237 1234 2287 ad-

93 2318 207 2362 ventare
233 2311 398 2371 audivisset,
428 2326 462 2358 ne
486 2309 602 2374 gloriam
627 2309 748 2359 confecti
773 2308 840 2359 belli
865 2323 925 2358 eum
948 2307 996 2357 illo
1020 2305 1233 2366 conmuniearet,

92 2379 165 2429 omni
187 2376 276 2427 studio
300 2377 463 2441 Spartacum
486 2376 641 2455 obprimere
666 2376 769 2425 studuit
792 2375 877 2439 (Plut.
899 2374 991 2427 Crass.
1012 2373 1051 2424 ll.
1075 2375 1143 2438 App.
1163 2373 1190 2421 b.
1210 2388 1234 2421 e.

91 2447 105 2496 1
128 2444 174 2495 119
191 2462 218 2510 p.
238 2442 288 2495 533
307 2445 397 2506 exta),
415 2445 487 2494 haee
505 2445 580 2495 dieta
599 2443 700 2505 irrisae,
725 2445 748 2493 si
766 2460 820 2494 non
844 2449 964 2503 eertum,
989 2448 1017 2494 at
1040 2441 1098 2492 veri
1123 2438 1234 2490 simillu-

93 2528 165 2564 mum
185 2519 235 2563 est.

184 2633 219 2690 15
241 2629 301 2712 [llr.
318 2639 359 2689 42.
381 2634 410 2687 G.
429 2629 469 2710 3].
507 2630 580 2691 Cum
599 2631 714 2691 interim
732 2628 842 2690 lumine
861 2630 1012 2690 etiamtum
1033 2630 1146 2688 incerto
1162 2625 1237 2687 duae

94 2732 193 2793 Gallae
217 2733 356 2793 mulieres
378 2737 553 2792 conventum
576 2733 698 2791 vitantes
720 2731 756 2790 ad
778 2737 926 2792 menstrua
947 2728 1085 2791 solvenda
1108 2734 1237 2789 montem

95 2834 285 2895 adscendunt.

179 2938 294 2985 Lemma
313 2936 384 2998 apud
398 2936 466 2983 Non.
481 2950 506 2998 p.
521 2931 583 2994 335,
605 2935 650 2999 qui
668 2935 739 2984 liaeo
756 2935 841 2984 verba
860 2950 894 2983 ex
912 2934 981 2983 libro
998 2934 1054 2997 11‚11
1073 2933 1177 2993 adfert,
1197 2939 1240 2981 est

12 3029 20 3039 ι
97 3006 194 3054 Galliae
211 3019 260 3066 pro
281 3006 407 3058 Gallicae,
432 3007 459 3050 et
482 3004 523 3050 ita
546 3001 609 3050 libri
628 3003 711 3052 etiam
731 3003 758 3051 in
778 3002 869 3051 verbis
888 3000 1073 3051 Sallustiaais.
1110 3003 1145 3050 At
1164 3007 1238 3050 reete

95 3072 278 3136 Nipperdeius
297 3070 385 3134 spicil.
412 3070 440 3118 in
460 3069 539 3117 Corn.
559 3069 628 3134 Nep.
648 3087 673 3134 p.
694 3069 725 3120 37
751 3085 857 3120 errasse
882 3075 930 3119 aut
947 3069 1063 3119 Nonium
1086 3069 1173 3133 ipsum
1193 3075 1239 3117 aut

96 3139 224 3189 librarios
242 3138 472 3200 seribendumque.
493 3139 581 3186 (iollae
600 3138 708 3195 statuit,
734 3153 802 3202 quae
827 3137 966 3187 sententia
990 3138 1108 3186 minume.
1127 3134 1240 3184 reicitur

96 3224 143 3265 eo,
159 3206 239 3270 ,quod
262 3205 383 3253 Kritzius
409 3205 580 3262 observavit,
606 3220 666 3254 eum
691 3205 836 3254 Sallustius
860 3204 997 3269 Saqrratius
1020 3220 1068 3269 pro
1087 3203 1240 3267 Sapuntiaus

96 3275 212 3324 dixisset
229 3273 274 3334 (ir.
294 3273 320 3322 ll
333 3272 386 3334 23),
406 3280 620 3321 eonsentaneum
640 3288 701 3321 esse
721 3287 781 3321 enm
801 3274 885 3322 etiam
900 3274 995 3322 Gallias
1013 3287 1139 3322 novasse.
1170 3270 1239 3318 Nam

96 3344 122 3391 in
142 3341 197 3390 illis
216 3340 362 3389 adieetivls
386 3355 463 3388 risum
490 3346 593 3388 eertum
618 3345 645 3389 ot
663 3340 792 3389 stabilem
815 3356 868 3389 non
892 3340 993 3397 fuisse,
1017 3340 1086 3388 satis
1110 3335 1238 3393 ostendit,

96 3409 167 3473 qaod
186 3408 301 3458 Ovidius
321 3413 376 3456 tam
394 3423 480 3472 saepe
493 3423 540 3471 pro
553 3408 662 3455 Latiares
675 3408 786 3471 seripsit
801 3408 905 3462 baltea:
925 3414 953 3456 at
972 3422 1021 3456 our
1033 3407 1129 3457 Gallius
1145 3409 1240 3454 eontra

97 3475 321 3525 oonsuemdiuem
346 3474 456 3524 dir-endi
479 3477 601 3523 seribere
626 3477 740 3524 auderet
764 3474 838 3522 nullu
863 3475 916 3523 fuit
935 3489 1042 3523 caussa.
1079 3473 1146 3521 Rem
1164 3475 1240 3519 reete

96 3543 255 3593 inlustravit
274 3543 394 3591 Kritaius
413 3549 562 3606 conparato
582 3543 653 3591 l'lut.
669 3545 761 3590 l'rass.
778 3540 821 3589 ll:
842 3539 961 3603 Πρῶτον
973 3534 1026 3606 μὶν
1039 3526 1092 3590 οὖν
1104 3529 1241 3602 διαγνοῦς

96 3613 157 3668 τοῖς
169 3600 313 3674 desertior
325 3607 374 3659 καλ
388 3600 453 3659 κατ’
474 3604 556 3658 ἰδίαν
568 3603 812 3674 στρατευομένοις,
831 3596 871 3658 οὖν
883 3599 1050 3673 ἀφηγοῦντο
1064 3599 1152 3663 Γάϊος
1164 3605 1240 3654 Kar

98 3678 190 3736 νίνιος
218 3676 268 3727 καλ
292 3671 417 3735 Κάστος,
448 3668 622 3739 ἐπιθέσθαι,
652 3670 744 3755 λόφον
766 3669 831 3727 τινὰ
855 3668 1167 3740 προκαταληψομένους
1190 3661 1241 3722 ἄν·

98 3745 170 3811 δρας
198 3736 296 3807 ἕξουσα
315 3744 407 3802 ιλιόυς
429 3733 577 3795 detesteris
601 3744 763 3796 λανθανελν
785 3742 944 3806 πειρᾶσθαι
966 3734 1109 3799 κελεύσας.
1151 3733 1190 3791 Oi
1212 3729 1241 3789 δ’

97 3807 160 3865 ἕπει
180 3813 253 3863 οἱντο
276 3761 330 3877 pb
354 3807 405 3878 τὴν
434 3811 575 3877 αἴσθησιν
602 3803 799 3876 ἀποκρύπτειν
821 3805 855 3863 τὰ
879 3803 972 3876 κράνη
1002 3804 1132 3876 ναταμπὲ
1151 3822 1242 3869 οντες,

98 3831 241 3947 deliberes
260 3871 290 3931 δ’
313 3872 371 3931 ὑπὸ
390 3879 471 3930 δυεῖν
489 3879 635 3944 γυναικών
656 3873 867 3945 προθυομένων
885 3881 945 3937 τοῖς
963 3878 1032 3928 πολε
1055 3876 1111 3936 iore
1130 3826 1242 3927 latebri-

98 3963 203 3999 νευσαν
228 3943 255 3999 εἰ
277 3942 314 4013 μή
335 3940 463 4011 Κράσσος
487 3958 539 3997 eet.
577 3950 654 4009 Qum.
680 3950 725 4012 qui
749 3948 982 3999 consideraverit.
1041 3945 1186 3995 ntarohum
1208 3945 1245 3994 ad

97 4025 226 4066 menstrua
243 4020 363 4066 solemulu
388 4016 459 4081 apud
483 4017 642 4065 Sallustium
669 4023 716 4066 aut
738 4032 791 4064 nou
810 4014 913 4079 legisse
933 4022 1053 4064 autnon
1072 4012 1243 4063 intellexisse

98 4086 233 4135 censebit.
265 4090 312 4134 b‘e't
326 4100 396 4148 quiae
411 4093 474 4131 sunt
487 4085 597 4132 turrdem
611 4084 658 4132 illa
671 4088 816 4132 ›sarrs-trra?
835 4098 929 4132 saera:
943 4083 1052 4146 privata
1066 4097 1101 4130 aa
1111 4080 1244 4146 publiea?

99 4158 127 4202 et
146 4169 194 4202 our
211 4156 286 4205 solui.
312 4169 365 4201 nou
385 4152 485 4200 ebl'erri
506 4160 553 4199 aut
572 4152 630 4199 lieri
649 4150 795 4201 dicuntur?
825 4151 886 4210 Qua
904 4150 1020 4214 denique
1039 4149 1114 4198 mala
1132 4149 1243 4198 fertum

99 4220 210 4279 aeeidit,
229 4221 330 4269 ateius
344 4221 398 4273 rei,
419 4234 499 4282 quitur
513 4218 659 4266 Sallustius
673 4225 701 4266 nt
713 4217 839 4267 omnibus
853 4226 945 4267 notam
959 4213 1244 4273 connumeraturus

100 4288 173 4352 apud
193 4302 354 4352 quemquam
375 4294 497 4336 veterum
516 4286 678 4350 scriptorum
697 4285 799 4333 mentio
818 4285 896 4334 laeta
914 4285 968 4334 sit?
1003 4285 1062 4334 Nisi
1081 4299 1162 4348 quam
1180 4297 1244 4333 oon·

101 4356 173 4419 rupti
192 4357 264 4404 Noni
282 4355 345 4403 libri
365 4363 472 4411 esseut,
491 4368 585 4403 ornnes
604 4359 763 4417 conpertam
779 4352 921 4412 haberent,
942 4368 996 4402 non
1015 4351 1144 4402 auderem
1163 4349 1245 4400 auda·

102 4424 204 4472 aierem
224 4423 387 4472 emendandi
405 4422 540 4471 rationem
559 4435 720 4485 proponere.
754 4421 822 4470 Puto
841 4421 914 4470 euim
932 4419 1027 4469 inillis
1045 4418 1137 4470 verbis
1155 4419 1246 4467 inesse

170 4524 307 4574 Sannusr.
327 4539 371 4573 sn.
391 4524 529 4573 Drsrscn.
559 4522 596 4571 ΙΙ.
1025 4504 1044 4564 7

606 4636 782 4712 fl
