2768 5010
158 594 167 651 1
455 595 738 683 ΟΟΝΒΙΘΕΝΒᾼ
759 598 816 659 ΕΤ
841 597 1064 658 ADDENDA.

20 824 24 827 ,
60 798 62 805 .
79 740 119 793 ’-·”’
128 792 158 827 s
187 760 257 813 Von.
269 763 283 813 1
294 780 319 831 p.
332 761 349 816 3
361 766 456 816 neseio
470 780 624 831 quoerrore
637 767 681 816 Th
690 766 878 816 lionnreeninnr
889 766 975 816 forme
987 767 1104 816 nominis
1117 767 1236 815 venlint
1247 773 1329 816 uten-

250 844 256 852 ’
363 850 424 899 dum
436 851 577 916 putavisse
590 851 755 919 scripserim.
782 851 868 912 Quem
881 851 968 902 virum
981 850 1072 901 dicere
1088 850 1236 912 voluerim,
1257 867 1329 902 nune

262 937 267 943 '
363 935 470 1000 quidem
485 952 540 987 non
553 937 697 986 succurrit.

294 1035 320 1092 p.
335 1018 359 1070 7.
373 1021 404 1071 In
418 1020 477 1071 eod.
490 1021 578 1072 Paris.
590 1019 658 1070 0088
671 1020 731 1085 (pi)
750 1036 799 1085 per
816 1022 903 1070 virum
922 1020 955 1071 el.
970 1019 1099 1071 Rothiurn
1114 1022 1219 1071 certior
1237 1022 1330 1072 iactus

360 1104 421 1155 e'um
433 1106 492 1172 lug.
506 1106 552 1164 44,
566 1104 582 1155 5
595 1120 678 1171 super
690 1105 782 1155 verbis
790 1107 830 1154 nti
841 1106 930 1168 cuique
942 1107 1047 1155 lnbebet
1058 1105 1189 1170 scriptum
1205 1122 1267 1156 esee
1280 1123 1330 1156 non

362 1191 559 1254 &puniebantur
569 1192 617 1241 eccl
626 1195 711 1255 potine
730 1199 758 1240 et
771 1191 805 1240 ed
818 1190 968 1256 marginem
981 1191 1052 1240 haee
1065 1190 1190 1240 adiecto:
1213 1192 1271 1241 Non
1288 1207 1329 1240 so·

362 1277 410 1323 lum
421 1276 468 1325 doc
480 1282 549 1334 erat,
571 1277 637 1341 qnod
654 1276 751 1325 aldinus
763 1275 871 1326 ludebat
884 1290 927 1325 eor
939 1278 1039 1324 stativis
1050 1279 1076 1324 in
1088 1277 1182 1325 caetris
1194 1278 1244 1325 sed
1255 1281 1331 1325 elion

362 1376 408 1409 nce
420 1361 576 1418 adnuebant·
592 1364 688 1411 seilicet
697 1361 806 1424 perleve
819 1362 924 1410 ‹lenotat
935 1362 1069 1410 stulticiam
1081 1358 1166 1408 aidini.

295 1459 320 1509 p.
334 1432 383 1526 23?
397 1445 415 1494 1.
429 1444 454 1495 9,
468 1447 527 1509 lug.
539 1444 581 1506 49,
596 1444 612 1495 0
623 1461 672 1511 pro
684 1447 825 1494 inetrueret
836 1444 981 1510 legendum
993 1445 1159 1493 inetmeret.

217 1501 272 1605 ‘ss
294 1546 320 1594 p.
335 1527 414 1580 3301.
432 1529 442 1578 1
457 1531 516 1595 lug.
530 1528 572 1595 87,
586 1531 601 1579 4
614 1546 662 1597 pro
675 1532 715 1580 uti
727 1530 806 1596 legas
818 1531 869 1579 nbi.

188 1644 257 1695 Von.
272 1648 337 1714 1111.
352 1648 385 1698 23
399 1649 430 1699 ir.
444 1650 515 1698 Hiet.
529 1650 543 1699 1
555 1646 588 1698 68
600 1648 761 1713 legendum:
781 1648 931 1699 adveniens
943 1661 998 1697 eum
1016 1648 1164 1711 legionibus
1178 1653 1321 1713 postquem.

313 1750 338 1797 p.
352 1732 384 1783 78
398 1735 429 1783 ir.
442 1735 515 1784 Hier.
529 1735 571 1783 111
584 1732 617 1783 58
628 1733 787 1798 legendum:
807 1750 861 1798 qua
872 1738 945 1794 perte
957 1736 1074 1798 spectat.

312 1834 337 1883 p.
350 1817 384 1868 98
397 1819 430 1867 ir.
444 1819 516 1868 Hist.
531 1818 568 1867 1v
583 1817 614 1868 10
625 1818 784 1883 legendnm:
798 1819 884 1882 Igitur
896 1819 1028 1882 legiones.

312 1920 337 1969 p.
354 1901 401 1952 128
414 1904 447 1953 ir.
461 1904 533 1953 Hiet.
546 1903 600 1952 inc.
614 1902 818 1968 251egendum:
837 1903 929 1953 multis
949 1915 963 1952 e
980 1902 1056 1951 locis.

312 2004 338 2052 p.
355 1987 400 2037 121
415 1989 447 2037 ir.
461 1989 533 2038 Hiet.
547 1989 600 2038 inc.
615 1986 648 2037 30
660 1987 819 2052 legendum:
835 1989 862 2037 in
875 1988 957 2036 muri·
969 1986 1141 2036 locaverant.

154 2088 161 2101 ·
256 2071 323 2121 Cum
343 2073 443 2122 indicis
461 2088 561 2138 magne
583 2088 647 2137 pare
668 2073 722 2120 iem
741 2074 814 2137 typis
832 2087 963 2138 expressa
981 2075 1068 2132 esset,
1092 2071 1199 2120 invenie
1220 2070 1330 2135 <pridem

188 2155 379 2221 doctissumus,
395 2158 441 2223 qui
447 2158 559 2223 Lipsiae
573 2154 742 2222 philologiae
755 2172 865 2221 opernm
878 2157 971 2219 debet,
986 2170 1015 2204 re
1029 2160 1171 2220 conperta,
1185 2171 1257 2220 qnae
1270 2159 1330 2220 ipse

189 2242 224 2292 ad
242 2242 376 2293 edendum
393 2242 503 2294 lexicon
517 2242 714 2293 Sallustianum
731 2248 880 2306 paraverat
899 2245 980 2306 atque
998 2239 1174 2305 conlegerat,
1193 2238 1265 2288 ultro
1281 2239 1329 2287 hu-

189 2330 355 2378 menieeume
373 2327 441 2378 mihi
455 2329 543 2388 misit,
561 2343 609 2392 pro
628 2342 680 2390 quo
698 2325 827 2377 benificio
846 2343 878 2375 co
894 2326 980 2376 maior
993 2325 1084 2389 gratie
1098 2325 1123 2374 oi
1138 2324 1263 2374 habenda
1277 2328 1328 2386 eet,

188 2413 259 2477 quod
271 2413 314 2464 hie
327 2412 458 2463 subsidiis
471 2410 602 2461 nonnulle
616 2412 759 2476 conrigere
774 2418 801 2462 ot
814 2411 923 2476 explere
936 2411 1021 2475 potui.

312 2514 338 2563 p.
355 2497 401 2546 144
414 2497 432 2545 l.
450 2494 481 2545 16
493 2501 554 2560 post
566 2496 656 2545 eeoedo
670 2494 824 2546 addendum
837 2496 858 2546 C
871 2495 912 2554 33,
926 2496 950 2543 4.

313 2580 403 2646 pree
415 2581 433 2631 l.
448 2580 481 2632 39
494 2581 555 2631 add.
569 2583 704 2631 incendere
716 2583 749 2630 ed
760 2581 873 2631 iecinore
886 2579 906 2629 C
922 2577 959 2639 13,
974 2579 998 2626 4.

312 2683 338 2731 p.
355 2663 402 2715 148
414 2682 436 2717 e.
449 2683 474 2716 v.
483 2666 805 2728 ediptecorndieinndum:
819 2660 1329 2726 propeimedeptemvietoriem.1101,9.

312 2751 378 2800 ibid.
393 2766 414 2799 s.
428 2767 453 2801 v.
468 2752 579 2816 edinngo
592 2753 645 2818 leg.
661 2752 681 2801 C
695 2751 736 2813 24,
750 2751 774 2800 4.

313 2836 378 2885 ibid.
393 2836 454 2885 add.
469 2838 570 2886 Aniene
584 2838 609 2886 H
623 2836 701 2886 1183.

314 2937 339 2984 p.
355 2918 403 2970 153
416 2938 437 2970 ε.
454 2938 478 2969 v.
493 2922 556 2970 alibi
569 2921 622 2985 leg.
638 2922 658 2969 U
670 2918 714 2982 00,
727 2919 751 2968 5.

312 3006 377 3055 ibid.
392 3023 413 3055 e.
428 3023 452 3056 v.
467 3007 601 3068 aliqnando
614 3005 667 3069 leg.
682 3005 698 3054 J
714 3002 769 3062 110,
783 3002 807 3052 3.

314 3108 339 3155 p.
356 3090 403 3139 154
417 3091 435 3139 l.
449 3090 482 3140 23
496 3090 642 3152 legendum
655 3091 671 3138 9
683 3088 724 3147 22,
736 3089 758 3136 2.

314 3193 340 3240 p.
356 3176 404 3224 150
418 3190 438 3223 s.
454 3191 478 3222 v.
493 3175 589 3235 emplne
604 3174 664 3222 edd.
679 3173 767 3232 emplie
779 3172 916 3220 honoribne
928 3171 969 3219 nei
981 3169 999 3217 J
1011 3168 1052 3229 25,
1068 3169 1091 3215 4.

313 3277 339 3326 p.
356 3257 403 3308 158
417 3258 570 3307 addendum
583 3259 674 3319 Apollo
689 3254 803 3305 111100.

315 3362 340 3409 p.
356 3342 404 3392 100
417 3358 438 3391 e.
452 3360 478 3391 v.
492 3346 519 3391 et
532 3346 634 3408 postet
646 3346 734 3390 contre
747 3340 922 3390 inserendum
936 3338 956 3387 C
973 3338 1010 3398 12,
1025 3338 1053 3386 5:
1066 3342 1094 3385 et
1105 3337 1132 3384 hi
1145 3336 1239 3383 eontra.

313 3430 379 3480 ibid.
394 3445 415 3478 s.
430 3445 456 3478 r.
470 3429 639 3477 Athenienses
653 3426 713 3475 edd.
729 3425 749 3473 C
762 3426 786 3485 2,
799 3426 823 3474 2.
843 3422 885 3484 51,
897 3422 937 3472 28.

314 3532 339 3580 p.
357 3512 404 3564 103
418 3514 436 3563 1.
450 3514 482 3563 25
496 3512 640 3577 legendum
654 3510 675 3558 C
689 3508 730 3567 37,
746 3508 785 3558 10.

314 3616 341 3664 p.
358 3598 406 3649 178
418 3614 440 3649 e.
455 3614 480 3648 v.
495 3609 605 3659 conpone
617 3600 679 3662 post
691 3595 769 3643 verbe
781 3607 836 3642 mee
847 3591 994 3656 legendum
1005 3591 1023 3640 J
1035 3589 1076 3650 85,
1091 3585 1130 3636 31.

314 3701 339 3748 p.
353 3682 437 3734 2091.
452 3702 477 3733 v.
491 3682 603 3732 liereine
617 3679 677 3730 add.
692 3681 719 3728 0.
731 3679 842 3729 larcin·
855 3677 962 3740 Figulus
976 3673 996 3722 (¹
1012 3673 1051 3734 17,
1068 3671 1089 3719 1.

315 3783 340 3831 p.
353 3765 403 3816 297
417 3769 537 3817 adicias:
550 3765 660 3815 ostien
673 3766 682 3813 1
695 3766 736 3814 74.
1036 3838 1039 3843 ,

315 3868 341 3917 p.
354 3849 405 3901 208
419 3852 518 3901 addes:
531 3852 675 3914 Paelignne.
698 3850 729 3899 P.
744 3848 869 3898 cohered
885 3843 941 3901 105,
955 3843 980 3891 2.

260 3953 387 4003 Ceterum
405 3954 429 4002 si
447 3953 507 4017 quis
526 3954 553 4001 in
571 3952 663 4001 indice
682 3950 785 4015 aliquid
804 3954 851 3999 eut
868 3947 997 3997 omissum
1015 3946 1062 3991 aut
1075 3942 1164 3990 minus
1177 3945 1250 3989 reete
1263 3937 1330 3984 seri-

190 4045 266 4104 ptum
281 4038 508 4104 deprehenderit,
523 4033 694 4101 modo'quem
707 4035 810 4084 laboris
823 4033 932 4099 plenum
945 4027 1001 4079 tale
1016 4041 1084 4092 opus
1097 4027 1133 4075 eit
1146 4040 1239 4075 seeum
1254 4038 1331 4088 repu-

191 4124 302 4186 taverit,
316 4123 444 4174 lubenter
457 4126 484 4172 ot
496 4121 622 4170 benivole
637 4121 789 4169 excusabit.
