2768 5010
194 310 234 383 811
532 332 836 383 couusurarroumt
859 332 929 382 car.
954 335 998 383 (1.
1344 290 1368 339 ⁰

196 492 337 551 suetudine
367 508 421 548 nou
449 489 565 549 alieuum
592 508 653 549 osso
676 492 846 567 intellegitur
872 511 905 551 ex
926 494 983 570 lug.
1005 501 1053 557 111,
1072 500 1090 554 2
1111 496 1174 551 (13
1194 502 1223 551 (1
1244 498 1294 557 73,
1316 501 1334 554 4

195 614 244 653 uec
264 594 409 669 quidquam
432 592 523 650 obstat
545 596 703 670 quominus
725 602 768 657 42
789 605 804 656 5
827 597 860 652 de
882 597 984 654 eisdem
1003 595 1070 653 solis
1089 597 1237 670 cogitetur.
1275 598 1334 653 ra-

195 701 314 755 ctiouem
333 703 421 752 autem
445 713 553 770 sempor
577 697 629 752 (liei
655 698 687 754 aul
710 697 882 755 obtinendam
903 698 931 753 iu
956 715 985 755 re
1005 697 1113 773 publiea
1132 698 1225 755 initam
1246 699 1335 754 socie·

198 807 288 862 tatem,
317 816 384 871 ergo
407 815 457 872 por
479 816 507 854 se
529 799 562 853 (1(
585 799 771 873 optumatibus
793 800 929 875 intellegi,
957 817 1019 857 eum
1041 816 1073 855 cx
1094 798 1148 855 llic.
1167 799 1194 854 d.
1216 798 1282 877 llcp.
1304 799 1336 854 lll

197 910 238 961 14.
261 907 296 961 ‘23
316 908 432 962 constat,
458 907 513 955 tum
537 918 602 957 usus
626 901 689 957 Sall.
712 901 791 957 docet
813 900 872 973 (clr.
896 902 953 957 tlat.
976 907 1018 963 31,
1034 908 1059 958 ⁶2.
1082 901 1140 974 lug.
1161 908 1204 963 ot,
1226 910 1240 961 1
1264 909 1294 956 et
1311 907 1335 959 l.

196 1001 287 1058 l'r.lll
308 1009 356 1064 59,
379 1009 397 1090 3
418 1009 495 1063 (18,
525 1019 614 1076 neque
645 1002 776 1059 dissimile
798 1012 840 1060 est
862 1004 919 1077 lug.
946 1010 994 1065 29,
1019 1009 1051 1066 23
1079 1009 1153 1060 certe
1180 1001 1215 1055 bl.
1241 1001 1337 1058 Scauri

196 1104 278 1161 factio
298 1104 348 1159 luit
370 1102 517 1175 nobilitas).
559 1104 631 1170 Quae
649 1122 710 1161 cum
735 1105 771 1159 ita
793 1105 863 1168 siut,
890 1124 980 1162 uoune
1005 1106 1117 1179 adparet
1145 1103 1191 1160 illa
1211 1104 1268 1161 duo
1292 1122 1337 1159 so·

194 1205 289 1263 cabula
310 1206 499 1277 popttlorium
520 1213 548 1260 et
568 1187 688 1262 serratus
709 1204 829 1263 librariis
856 1208 949 1282 potius
971 1214 1081 1281 accepta
1108 1205 1254 1263 referunda
1277 1221 1337 1261 esse

122 1322 125 1327 ·
196 1325 276 1383 quam
299 1306 435 1380 scriptori.
479 1288 603 1363 Celerum
626 1308 711 1364 eiusd.
734 1321 792 1382 cap.
818 1317 851 1369 10
872 1310 924 1367 iam
955 1310 982 1366 in
1007 1326 1063 1365 var.
1084 1306 1146 1364 leet.
1177 1306 1336 1382 significavi.

196 1410 325 1486 quoniam
344 1410 537 1480 permixtione
563 1411 754 1466 uetustissumi·
774 1419 800 1467 ot
824 1412 929 1486 optumi
950 1409 1013 1466 libri
1037 1417 1142 1472 tenent,
1165 1416 1192 1464 et
1217 1408 1244 1465 in
1265 1411 1339 1465 oriri

196 1512 323 1571 variatur,
347 1509 425 1565 uerba
444 1516 472 1564 et
493 1512 631 1567 dissensio
648 1513 738 1568 ciuilis
761 1520 788 1568 et
808 1515 883 1568 oriri
897 1512 962 1568 mibi
985 1529 1017 1568 ex
1039 1509 1204 1584 glossemate
1219 1518 1282 1567 nata
1300 1511 1338 1565 (1·

196 1614 267 1676 deri,
292 1612 393 1686 quippo
422 1630 476 1684 quo
505 1616 612 1668 ruooeri
635 1614 736 1669 ciuitas
767 1613 928 1689 explicatum
958 1614 1071 1669 luisset:
1097 1629 1151 1669 nou
1180 1628 1236 1687 quo
1263 1619 1337 1669 mete

198 1715 287 1772 onmia
315 1713 386 1769 dieta
412 1731 472 1769 esse
501 1730 644 1787 imparem,
671 1723 713 1770 set
740 1715 876 1772 ciuitatem
903 1724 958 1772 tam
985 1715 1158 1771 vehementer
1185 1720 1337 1788 permotam

197 1835 266 1879 esso,
296 1833 375 1890 quam
401 1814 428 1870 iu
456 1816 636 1889 permistione
664 1825 753 1873 terrae
775 1816 832 1873 beri
855 1825 1066 1875 consentancum
1094 1816 1144 1880 sit,
1172 1832 1227 1873 nou
1248 1816 1337 1873 minus

197 1928 270 1976 reete
288 1918 339 1974 diei
364 1915 512 1973 videbatur.

283 2021 339 2094 lug.
363 2026 405 2081 19,
431 2028 440 2077 t
464 2035 583 2076 suoriuu
606 2021 639 2075 ab
661 2020 738 2076 libris
757 2038 811 2077 riou
829 2021 972 2077 admodum
995 2029 1151 2096 suspectum
1174 2036 1237 2077 esse
1260 2018 1336 2077 lacile

195 2124 324 2184 concedo,
345 2121 418 2177 atiel
441 2121 599 2178 uocabulum
621 2140 676 2179 uou
702 2123 782 2179 niodo
804 2124 985 2197 superlbmm,
1014 2130 1056 2179 set
1082 2138 1167 2196 pacue
1189 2121 1336 2179 absurdum

196 2244 257 2283 esse
284 2223 427 2281 routerulo.
477 2223 599 2291 Quorum
622 2224 693 2281 euim
722 2226 807 2281 aciem
838 2234 983 2281 extenuare
1011 2224 1110 2300 potuit.
1133 2224 1186 2280 uisi
1206 2224 1336 2281 suoruml

197 2327 270 2383 Talia
293 2327 382 2382 dicere
404 2342 459 2381 uou
484 2333 526 2381 ost
552 2327 716 2399 scriptorum
739 2327 820 2401 paulo
842 2326 1041 2400 elegantiorum
1060 2334 1090 2383 ct
1110 2324 1276 2401 quisquilias
1298 2324 1337 2381 lu·

197 2428 338 2502 giemium.
380 2429 444 2482 llum
463 2428 547 2499 igitur
568 2428 670 2502 aliquid
691 2428 856 2504 suspicionis
877 2428 1000 2485 codicum
1021 2426 1165 2504 scripturis
1186 2436 1336 2491 moueatur,

199 2529 347 2586 tollendum
370 2527 435 2583 illml
455 2527 583 2585 arbitror.
623 2530 676 2586 b'oc
698 2530 785 2586 suiuus
801 2539 843 2592 50.
860 2539 878 2592 3
898 2531 1034 2601 peditum,
1058 2529 1131 2603 quod
1153 2530 1337 2585 necessarium

197 2650 257 2688 esso
280 2649 361 2687 nemo
379 2631 532 2691 eoutomlot
553 2631 743 2687 removendum
759 2649 865 2694 censeo.
891 2633 1019 2707 quoniam
1040 2631 1067 2687 iu
1088 2629 1234 2687 recentiori
1258 2638 1337 2706 optu-

178 2750 304 2803 ,morum
327 2732 459 2788 librorum
481 2730 587 2795 larrrilia,
611 2734 732 2807 quamuis
756 2733 782 2789 iu
800 2752 833 2790 (ο
858 2751 938 2809 saepe
960 2734 1029 2791 ordo
1050 2733 1194 2791 uerborum
1217 2740 1337 2789 mutatus

198 2844 242 2898 sit.
266 2844 354 2890 tameu
376 2851 410 2889 eo
431 2833 491 2889 loco
522 2835 641 2907 positum
668 2845 723 2898 est,
751 2854 805 2910 quo
834 2836 900 2892 ferri
929 2835 1039 2910 nequit:
1066 2842 1188 2891 moutam
1216 2841 1339 2907 occupo!

192 2940 331 3011 peditatus.
371 2936 406 2991 11(
425 2943 467 2998 53,
490 2940 504 2995 l
525 2954 584 3010 cap.
607 2935 628 2989 V
650 2939 744 2994 (licam.

285 3038 340 3107 lug.
353 3044 395 3099 54,
408 3048 424 3098 5
436 3054 521 3111 praeite
539 3037 624 3094 ritiror
645 3039 678 3094 ab
693 3039 891 3097 recentiorilms
909 3039 1059 3097 editoribus
1080 3046 1191 3113 practer
1205 3037 1337 3095 lirltzlum

197 3146 228 3199 iu
252 3143 314 3197 acie
339 3140 468 3196 intactum
499 3138 622 3196 relictum
648 3158 716 3197 esse.
760 3144 935 3216 Quamquam
956 3142 1026 3198 enlm
1050 3142 1096 3214 qui
1120 3138 1183 3195 libri
1208 3140 1337 3197 omittunt

199 3248 245 3307 iu,
272 3261 326 3299 nou
356 3252 428 3299 larua
455 3242 506 3296 lide
534 3252 611 3305 suut,
637 3243 677 3299 uti
704 3261 769 3299 casu
798 3245 923 3300 omissam
948 3260 1008 3299 esse
1035 3242 1269 3317 praepositionem
1293 3258 1338 3299 ue·

200 3348 317 3419 paruulum
344 3345 479 3407 (·1(1(((1(((·,
510 3353 598 3401 tuition
628 3346 693 3418 qoiu
721 3354 794 3402 reete
823 3346 908 3403 eiecta
937 3345 988 3407 sit,
1017 3344 1134 3400 abdritari
1164 3343 1208 3399 uix
1236 3334 1336 3419 pbtest.

199 3450 264 3505 Nam
291 3447 468 3520 aequabilitas
491 3448 673 3503 tttombrorum
692 3446 800 3503 tollitur
823 3465 853 3503 ea
882 3448 971 3503 aiblita
999 3476 1036 3487 -
1060 3447 1164 3519 variare
1187 3446 1337 3502 orationem

200 3551 298 3609 amarit
320 3549 383 3605 Sall.
405 3557 446 3605 set
471 3549 639 3605 indissimili
662 3567 691 3605 ro
713 3579 766 3612 -,
792 3567 880 3623 neque
902 3547 987 3605 ullum
1014 3548 1165 3623 exemplum
1192 3548 1337 3623 reperitur.

200 3655 245 3711 ubi
267 3672 327 3710 eum
351 3653 384 3708 (1(
407 3653 487 3709 ((((,((1υ
509 3652 647 3726 pugnandi
670 3669 760 3708 serum
783 3653 826 3713 sit,
851 3654 879 3708 iu
901 3651 1054 3707 mliuuetum
1076 3648 1186 3725 legatur
1205 3648 1266 3723 (olr.
1282 3650 1338 3725 lug.

198 3762 242 3819 111,
264 3762 281 3816 l
306 3773 361 3811 uon
387 3757 449 3811 urie
477 3770 568 3827 neque
591 3757 649 3810 ulto
671 3770 750 3809 more
772 3750 883 3829 proeli)
911 3761 941 3809 ct
963 3771 997 3809 no
1025 3753 1096 3809 ratio
1127 3752 1236 3827 quidem
1257 3760 1287 3809 ut
1308 3766 1340 3807 ca

199 3859 362 3932 adiungatur
390 3858 527 3919 coneedit,
556 3857 684 3931 quoniam
711 3860 739 3912 iu
769 3859 831 3912 orie
848 3862 962 3929 perprtot
985 3856 1020 3919 is,
1049 3854 1096 3928 qui
1124 3858 1182 3912 acie
1208 3855 1342 3911 instructa

200 3969 319 4036 pugnat,
349 3977 403 4015 nou
426 3960 472 4035 qui
491 3960 547 4015 acie
569 3958 727 4016 instruenda
749 3957 849 4015 bollum
871 3957 951 4031 perit.
997 3956 1068 4012 blem
1089 3956 1235 4013 discrimen
1258 3956 1344 4013 iuter·

200 4063 271 4120 cedit
295 4064 365 4119 iuter
385 4065 449 4117 iure
471 4063 618 4119 oirrelleure
638 4071 665 4117 (1
685 4064 716 4117 iu
744 4063 807 4116 iure
830 4061 975 4117 uindicare
1000 4056 1070 4130 (Cio.
1089 4059 1115 4114 (1.
1138 4074 1178 4113 or.
1200 4057 1211 4113 l
1233 4066 1276 4117 to.
1298 4064 1343 4117 11.

200 4165 301 4222 Piderit
324 4183 373 4221 aur
392 4165 479 4220 llritilr
503 4183 528 4221 u.
551 4165 670 4238 Exegese
692 4182 716 4219 r.
736 4163 788 4218 tlte.
810 4163 836 4217 (1,
859 4180 898 4219 or.
920 4162 1010 4216 llauau
1034 4166 1103 4221 1858
1124 4179 1150 4234 p.
1171 4158 1222 4233 15).

287 4267 343 4341 lug.
366 4274 408 4328 58.
433 4274 450 4325 4
474 4268 513 4322 sie
533 4267 636 4322 editur:
658 4266 778 4322 Interim
802 4265 932 4320 Metellus
953 4280 1017 4319 cum
1041 4276 1194 4319 acerrume
1211 4274 1274 4316 rem
1292 4274 1346 4335 pe·

201 4375 288 4439 reret,
311 4372 464 4427 etcinerem
486 4370 612 4427 hostilem
636 4376 750 4443 oterpo
766 4369 885 4440 occepit.
923 4368 970 4423 Set
989 4382 1020 4423 ea
1040 4364 1175 4439 scriptura
1191 4380 1346 4439 paucorum
