2768 5010
455 373 760 418 aounnnnfflounu
783 374 855 418 car.
878 375 907 417 v.
1196 355 1256 421 127

117 529 229 585 wanda
251 529 309 585 itta
327 526 498 600 facundiam
518 537 546 586 et
565 533 740 603 conpositam
763 533 919 587 orationem
938 528 1006 601 sore
1030 546 1084 586 nan
1105 528 1194 587 solurn
1218 530 1256 594 tt,

116 641 158 689 set
184 632 266 687 etiam
291 631 416 688 nonnulli
440 651 472 689 an
499 632 608 690 relicuis
637 634 715 691 libris
741 633 881 708 praebent.
931 634 969 688 Aa
995 633 1093 689 dixerit
1122 632 1256 707 quispiam

118 735 205 791 minus
227 734 295 791 hene
317 735 466 808 procedere
485 753 516 792 ac
541 736 618 809 (prasi
634 736 754 792 rtcssucrc
776 735 927 792 orationem
949 735 971 791 si
987 752 1042 791 non
1059 734 1130 791 aliud
1146 735 1257 792 ariiecti·

117 855 177 893 suin
199 838 232 892 ad
247 838 559 901 orationemretcratur,
582 846 624 895 set
646 838 844 894 substantivum
865 845 1055 911 anteponatur.
1092 838 1127 893 st
1145 840 1258 896 abunde

116 957 175 996 cum
196 940 367 1012 facundiam
387 939 606 1012 coniungendam
625 959 686 997 csse
701 940 813 1014 adparet
830 948 862 996 ut
881 939 1064 997 membrorum
1080 939 1257 1013 aequabilitas

117 1051 221 1099 serrata
242 1041 287 1104 sit,
332 1040 379 1098 Set
401 1060 562 1116 quamquain
585 1061 640 1099 non
661 1043 754 1099 neseio
782 1042 905 1099 Ovidium
925 1042 1030 1098 Metam.
1054 1041 1109 1097 xnt
1128 1016 1265 1218 Μ’

116 1147 204 1219 psisse
225 1160 317 1216 neque
339 1145 419 1201 abest
435 1143 574 1218 facundis
595 1148 693 1218 pratia
711 1146 808 1212 dictis,
837 1153 926 1201 tamen
951 1162 986 1201 an
1014 1144 1042 1200 in
1067 1145 1188 1219 pedestri

117 1264 180 1302 nere
205 1246 339 1319 facunda
368 1250 460 1305 oratio
486 1249 538 1305 dici
561 1248 697 1323 potuerit,
721 1247 893 1305 vehementer
918 1246 1023 1303 dubito.
1068 1245 1173 1303 Etenim
1195 1265 1255 1304 cuni

113 1348 263 1421 sacartdas
284 1349 307 1406 is
322 1349 359 1406 sit
376 1350 421 1424 qui
445 1350 518 1407 ianrli
537 1350 562 1407 id
576 1367 600 1406 c.
621 1350 765 1406 verborum
781 1347 1033 1424 praiurniendorum
1048 1351 1126 1424 copia
1143 1349 1255 1424 polleat,

116 1451 197 1507 homo
218 1459 292 1507 recte
313 1452 350 1508 ita
370 1451 471 1508 dicitur
492 1451 565 1526 (lug.
588 1461 636 1516 95,
660 1460 684 1514 3.
706 1452 750 1508 rr.
772 1452 805 1507 tv
825 1451 890 1524 25),
915 1459 988 1508 recte
1012 1451 1113 1508 dicitur
1139 1453 1256 1509 ttaertas

115 1551 236 1625 (Quintil.
266 1553 287 1609 Χ
311 1561 340 1616 1.
362 1552 413 1627 55)
437 1554 537 1630 quippe
564 1572 648 1628 quac,
671 1571 732 1610 cum
763 1553 835 1609 sandi
858 1555 963 1629 copiam
985 1552 1066 1610 saciat
1088 1561 1116 1609 et
1138 1555 1256 1612 animum

115 1656 201 1719 addat,
221 1656 280 1731 ipsa
304 1656 416 1712 facunda
440 1656 574 1719 videatur,
604 1657 700 1717 oratio,
725 1674 794 1730 quae
822 1657 881 1731 ipsa
909 1655 1098 1730 profunditur,
1127 1656 1179 1713 dici
1201 1675 1256 1715 non

116 1766 215 1831 potest.
259 1757 313 1814 Nec
332 1775 430 1814 vereor
452 1775 486 1814 ne
508 1759 569 1832 quis
588 1758 654 1814 inihi
676 1758 797 1832 obponat
818 1759 974 1814 Ciceronem
991 1757 1133 1833 scripsisse
1148 1760 1173 1815 d.
1191 1777 1230 1815 or.
1246 1759 1257 1815 Ι

115 1866 155 1922 st.
178 1867 228 1921 231
251 1862 393 1917 siciliam
415 1863 572 1917 arationem
594 1863 730 1917 disertam
751 1862 807 1917 sibi
827 1858 966 1932 (Socrati)
987 1868 1015 1916 at
1036 1864 1194 1918 oratoriam
1216 1864 1256 1919 oi·

115 1963 184 2023 dari,
203 1962 312 2035 sortem
331 1970 359 2019 et
379 1964 488 2020 tantam
510 1981 566 2020 aaa
589 1964 681 2019 uideri
696 1956 727 2035 ¹).
772 1962 836 2018 Nam
862 1979 923 2019 cum
950 1963 1069 2019 disertus
1092 1963 1129 2018 sit
1156 1964 1180 2020 is
1209 1965 1254 2038 qui

115 2065 265 2138 perspicue,
288 2064 413 2127 dilucide,
435 2066 467 2121 ad
489 2065 705 2139 persuadendum
728 2071 790 2138 apte
814 2065 887 2121 dicat
910 2063 972 2136 (Cic.
996 2064 1022 2120 d.
1047 2082 1086 2121 or.
1110 2063 1189 2128 121,
1212 2071 1255 2126 94.

115 2167 157 2221 (tr.
179 2176 205 2228 ὁ,
224 2166 275 2239 18),
302 2167 369 2223 hanc
392 2167 518 2223 virtutem
538 2167 570 2223 ad
594 2167 745 2223 orationem
768 2166 911 2223 transferri
933 2184 1014 2242 possa
1036 2166 1113 2223 facile
1134 2167 1255 2242 adparet.

116 2266 185 2324 inira
212 2271 247 2326 Y!
270 2267 350 2342 volgo
379 2268 484 2325 editur.-
513 2270 587 2325 Nam
617 2284 660 2324 me
688 2271 801 2342 quidem
827 2284 867 2324 ca
894 2271 984 2325 animi
1008 2271 1149 2325 sentetttia
1175 2271 1256 2326 natta

115 2372 207 2425 aratio
227 2372 343 2426 taedere
362 2378 456 2443 potest
463 2393 473 2432 ,·
496 2375 602 2444 qnippe
624 2387 692 2427 aera
714 2386 831 2428 necasse
855 2378 898 2427 est
918 2372 988 2427 banc
1004 2373 1169 2443 paaedtcct,
1196 2369 1255 2443 fat·

113 2473 247 2528 samnito
265 2488 415 2545 moresque
433 2476 489 2529 mci
508 2479 656 2547 superant.
701 2472 846 2541 Quaeritur
867 2490 930 2530 nuin
947 2481 1075 2548 praestet,
1091 2491 1171 2547 quain
1187 2472 1256 2529 anti·

115 2574 283 2646 ‹puissnmarn
298 2576 460 2649 scripturam
476 2593 536 2632 esse
555 2594 610 2632 uon
626 2575 714 2631 saturn
732 2593 763 2631 es
781 2576 819 2639 dt,
844 2585 887 2632 set
905 2576 985 2632 etiam
1001 2594 1033 2631 ex
1053 2574 1162 2631 reticuis
1177 2573 1255 2631 tibris

114 2684 274 2751 conpertum
292 2685 347 2733 cst:
365 2680 538 2749 praedicant
559 2686 587 2735 et
605 2676 695 2751 salsa.
740 2678 859 2735 Primum
887 2677 973 2752 igitur
993 2678 1118 2751 adparet.
1140 2675 1163 2731 si
1190 2677 1255 2734 liaeo

115 2778 275 2850 piscabantur,
296 2795 365 2835 aera
387 2789 514 2837 neutrum
535 2779 650 2856 pluralis
668 2797 723 2835 non
742 2799 823 2853 posse
844 2780 994 2837 subiectum
1017 2780 1119 2842 inuitari,
1142 2785 1185 2835 set
1207 2778 1255 2835 ab·

115 2879 210 2936 iactum
237 2898 298 2937 essa
327 2882 401 2937 verbi
423 2884 493 2943 dacae
508 2885 694 2955 praedicent,
730 2882 806 2938 cuius
832 2882 983 2939 subiectura
1013 2882 1049 2938 sit
1078 2881 1253 2938 indefinitum.

115 2980 181 3039 ttaec
202 3000 271 3055 ergo
294 2985 429 3041 sententia
451 2994 506 3040 cst:
531 3003 599 3059 quae
622 3003 683 3040 vera
706 2992 778 3047 sunt,
803 3002 833 3040 ea
857 2984 979 3041 tromiues
997 3002 1052 3041 nou
1069 2983 1178 3051 laudare
1199 3001 1254 3039 non

115 3093 237 3156 possunt,
261 3102 330 3158 quae
352 3085 427 3149 salsa,
450 3087 603 3162 pervitam
629 3104 714 3144 meam
737 3095 765 3141 et
787 3104 877 3142 mores
898 3086 1062 3142 refelluntur
1084 3096 1111 3143 et
1134 3087 1255 3142 refutan-

115 3194 164 3248 tur,
186 3185 230 3246 scl
252 3188 381 3262 quoniam
403 3205 465 3245 vcra
486 3207 518 3245 ea
535 3198 607 3253 sunt,
630 3208 698 3264 quae
719 3189 819 3246 Marius
840 3206 902 3245 vere
925 3189 1003 3245 iecit:
1028 3206 1096 3262 quac
1120 3189 1179 3251 feci,
1198 3206 1254 3245 non

114 3297 228 3360 possunt
246 3306 301 3345 nou
317 3289 428 3352 laudari,
450 3309 519 3365 quac
538 3292 603 3348 niihi
619 3291 802 3366 adfinguntur,
825 3309 856 3347 ca
878 3290 954 3348 nulio
973 3292 1085 3364 negotio
1103 3291 1254 3348 reiciantur

114 3408 140 3446 ac
168 3407 203 3446 ne
231 3400 312 3464 egent
341 3393 449 3467 quidem
479 3395 655 3450 refutatione.
705 3393 772 3449 Turn
801 3391 878 3450 facilc
907 3393 1076 3467 intellegitur
1101 3412 1177 3454 curri,
1206 3395 1252 3468 quii

113 3510 160 3548 cur
180 3509 209 3548 sc
230 3492 304 3549 uuila
328 3495 416 3551 oratio
440 3493 546 3552 laedere
562 3496 650 3571 possit
665 3504 790 3571 exponat,
813 3495 936 3569 graviore
961 3504 1121 3569 argumento
1139 3513 1252 3552 usurum

113 3612 178 3656 esse,
201 3613 264 3652 cnm
287 3596 362 3653 inse
384 3595 451 3652 nihii
472 3616 532 3655 esse
555 3598 627 3673 qiiod
645 3616 700 3655 uon
723 3597 901 3654 tundarinen
923 3598 1020 3671 possit,
1042 3597 1110 3653 nihil
1132 3597 1184 3653 sibi
1206 3598 1253 3655 ad·

112 3695 173 3770 flngi
193 3714 277 3771 posse
301 3699 375 3773 quod
393 3717 448 3756 non
471 3701 564 3756 statim
593 3699 691 3757 falsum
717 3719 776 3757 esse
800 3708 983 3773 cognoscatur
1004 3700 1141 3762 ostendat,
1171 3718 1252 3775 qnam

112 3816 169 3855 cuin
191 3799 326 3856 orationis
353 3817 453 3875 genera
479 3803 615 3860 contraria
642 3801 777 3858 discernat
806 3810 834 3859 ct
858 3800 945 3858 altere
974 3800 1025 3857 sibi
1054 3801 1158 3859 laudeni
1181 3803 1251 3867 addi,

111 3899 196 3957 altaro
218 3901 287 3956 nihil
313 3903 418 3959 detrahi
444 3904 530 3977 dicat:
558 3922 626 3979 ergo
655 3903 704 3959 nto
730 3906 810 3961 ruodo
841 3904 978 3961 ‹inclarare
1005 3902 1117 3959 Marium
1141 3905 1251 3961 ornmuo

111 4002 209 4059 uuitain
232 4004 384 4061 orationem
406 4006 520 4062 inveniri
539 4024 634 4080 posse,
658 4023 726 4079 quae
749 4006 800 4061 sibi
820 4014 931 4068 noceat,
959 4006 1011 4062 hoc
1032 4007 1113 4062 ruodo
1135 4007 1251 4064 atterunt

111 4122 195 4176 genus
215 4104 268 4161 sibi
289 4103 361 4163 laudi
385 4108 452 4168 irinc.
474 4105 591 4164 aiterum
610 4125 664 4163 iren
687 4109 849 4164 nociturum.
893 4108 932 4163 Ad
955 4127 1024 4183 quae
1042 4109 1156 4170 adcedit,
1178 4110 1258 4183 quod

111 4208 208 4279 quise
237 4206 312 4265 nulla
336 4210 461 4266 oratione
484 4209 552 4267 taciti
573 4219 768 4285 pessundant,
795 4228 857 4266 euin
885 4211 919 4267 de
943 4212 1066 4268 oratione
1095 4228 1149 4268 non
1179 4228 1250 4275 vora,

151 4423 182 4488 1)
201 4425 321 4479 Litterae
338 4427 452 4477 dtaertae
473 4425 534 4478 Cic.
554 4427 589 4477 nd
608 4427 673 4477 inm.
692 4428 736 4477 111
755 4427 796 4491 11,
814 4428 839 4478 4.
859 4428 895 4479 nd
912 4429 969 4480 Act.
988 4430 1042 4481 Vll
1059 4428 1083 4479 2.
1102 4429 1127 4478 8.
