2768 5010
122 322 163 389 78
466 344 769 399 couuaurnrrounu
791 346 862 392 cur.
884 344 927 392 rr.

121 503 198 572 Quod
221 501 286 558 milri
308 500 416 575 quidem
436 518 514 560 semis
536 502 650 559 videtur.
692 501 757 559 Nam
777 504 902 578 prolecto
922 503 982 560 duri
1005 511 1034 560 et
1052 504 1143 580 asperi
1165 505 1241 563 iudici

121 616 171 669 est.
192 604 320 679 scriptori
343 603 424 667 nibil,
446 605 517 678 quod
541 623 595 679 quo
618 606 706 662 minus
729 613 871 662 acutorum
893 606 1033 663 bominum
1056 606 1241 665 inbecillitater

120 708 228 765 adiuvet
247 705 391 779 adiungat,
420 705 570 777 ignoscere.
615 706 645 763 Et
673 724 736 763 num
765 725 879 783 prorsus
902 724 1099 783 supervacanea
1128 717 1193 765 sunt
1215 709 1241 766 ill

121 811 218 868 verba?
259 808 352 863 llonrre
375 807 464 870 etiam.
491 808 537 881 qrri
558 808 656 865 acriori
679 809 789 882 iugenio
808 819 836 867 et
855 810 971 885 peritior
992 818 1079 872 essct,
1102 811 1125 867 si
1148 810 1193 867 illa
1216 811 1241 869 al

120 919 220 971 esseut.
242 912 269 967 iu
292 927 353 967 eum
375 926 496 965 errorem
513 909 601 967 induci
623 909 722 985 potuit,
746 919 776 965 ut
797 911 887 967 nullos
906 894 976 969 esse'
989 911 1015 968 iu
1038 912 1127 969 Alrica
1150 914 1241 971 morbt

120 1012 245 1090 putaret?
288 1010 377 1067 Nolim
399 1011 485 1084 igitur
505 1011 653 1086 vituperari
676 1011 846 1086 scriptorem,
873 1014 919 1088 qui
941 1031 1002 1071 cum
1023 1014 1136 1071 dixisset
1155 1014 1241 1090 plcrm

120 1133 172 1191 uuo
194 1114 319 1171 homines
340 1121 479 1170 senectute
497 1112 616 1175 dissolvi,
639 1114 692 1170 nisi
714 1115 760 1187 qui
785 1115 901 1172 violenta
925 1123 1012 1173 ruorte
1031 1125 1093 1172 ante
1113 1126 1241 1175 extremar

119 1216 357 1290 aetatemabrepti
376 1224 476 1277 essent,
496 1216 699 1290 adiungendum
714 1219 860 1279 couniunt,
876 1217 988 1275 morbos
1004 1218 1112 1292 quidem
1132 1220 1159 1275 in
1172 1220 1241 1278 Alrie

119 1338 187 1381 esse,
211 1327 253 1376 set
274 1319 341 1375 adeo
361 1316 436 1373 firma
459 1317 607 1374 incolarum
631 1336 755 1394 corpora,
779 1327 809 1376 ut
825 1320 879 1376 rari
902 1320 941 1377 eis
962 1321 1164 1394 frangerentur.

203 1420 316 1477 ltilbcile
338 1426 380 1474 est
400 1419 433 1474 dc
456 1418 511 1492 lug.
537 1425 584 1482 24,
609 1428 626 1479 2
654 1419 786 1478 iudicare:
816 1439 872 1478 nou
901 1439 964 1479 mea
994 1424 1080 1494 rubra
1106 1440 1196 1495 saepe
1224 1442 1241 1481 n

120 1541 169 1582 voc
189 1531 302 1579 oretum
324 1524 410 1576 mitto.
454 1520 518 1576 llam
549 1522 588 1577 ud
611 1522 683 1579 salva
706 1523 839 1579 sententia
864 1533 893 1580 et
916 1524 1006 1581 omitti
1026 1532 1054 1581 ct
1083 1525 1152 1581 adici
1177 1542 1241 1600 poss

120 1645 199 1683 rrcruo
222 1624 341 1698 negabit.
381 1622 473 1678 llruittl
497 1622 574 1678 iubet
597 1622 640 1683 tto
668 1624 736 1680 adici
766 1642 859 1682 omrrcs
888 1625 982 1682 relicui
1005 1626 1075 1683 libri.
1126 1627 1175 1684 Set
1199 1644 1241 1685 cut

121 1728 256 1785 obiectum
278 1726 310 1781 ad
333 1723 458 1799 supinum
482 1723 597 1780 relatum
619 1743 709 1781 rarum
726 1725 761 1781 sit
783 1726 909 1800 (llrrtger.
929 1745 970 1801 gr,
988 1728 1033 1785 lat.
1048 1730 1075 1800 8.
1091 1735 1145 1791 483
1165 1747 1230 1787 ann

119 1850 145 1906 p.
168 1829 238 1903 635),
259 1845 374 1902 cumque
397 1843 446 1883 vos
467 1827 554 1899 magis
577 1827 713 1883 eelirratur
741 1830 763 1884 si
791 1846 842 1904 per
865 1831 1096 1905 praepositionem
1127 1831 1160 1887 ad
1182 1833 1241 1889 mia

120 1934 268 1992 referatur,
295 1946 374 2003 qnam
405 1929 429 1984 si
455 1929 543 2002 ipsum
572 1928 605 1983 ab
631 1936 745 1986 erutum
771 1932 886 2005 pende-at
910 1962 947 1972 -
971 1933 1146 1990 eolrerurulum
1168 1942 1241 1992 auter

119 2043 169 2097 est,
192 2033 320 2109 ‹prrouiam
342 2050 371 2087 se
393 2038 503 2087 excusat
525 2031 674 2093 Adherbal.
706 2033 778 2106 quod
801 2050 881 2108 saepe
907 2036 1022 2090 senatui
1041 2035 1152 2108 negotia
1175 2035 1241 2093 lacer

119 2146 160 2194 sat
185 2166 222 2177 -
249 2133 422 2191 omissionem
451 2133 506 2188 sive
535 2133 623 2189 errori
652 2135 707 2190 sire
736 2135 894 2209 corrigendi
923 2136 1015 2194 studio
1042 2137 1116 2200 eius,
1153 2140 1201 2212 qui
1231 2136 1241 2193 l

119 2248 214 2296 auctor
235 2237 296 2298 luit,
318 2235 491 2292 tribuendum
509 2252 617 2291 censeo.

158 2374 162 2380 -
204 2341 258 2413 lug.
282 2348 324 2401 31,
349 2346 382 2397 14
403 2344 506 2394 metram
529 2338 564 2392 ab
586 2340 694 2395 scelere
715 2356 767 2395 suo
791 2341 830 2396 od
847 2342 990 2413 ignauiam
1013 2347 1139 2398 vostrum
1162 2348 1241 2400 erana

118 2447 226 2502 arctare,-
245 2458 316 2513 quos
337 2442 428 2496 curaris
450 2442 548 2496 eadem
570 2456 687 2512 cupere,
710 2444 809 2499 eodem
831 2446 932 2513 odisse,
956 2446 1054 2501 cadem
1077 2452 1206 2501 metuere
1229 2446 1241 2501 i

118 2563 205 2604 terrum
228 2546 333 2615 coegit,
362 2542 442 2597 verba
469 2544 569 2598 eadem
585 2550 711 2598 metuere
733 2561 765 2599 cn
783 2544 948 2617 glossemate
974 2554 1036 2603 nata
1057 2564 1117 2602 esse
1137 2547 1241 2621 adpone

66 2636 70 2641 ’
118 2650 235 2724 primurn
264 2645 326 2719 quia
355 2644 502 2717 singularis
530 2645 676 2719 praedicati
704 2649 794 2719 eoepit
822 2647 943 2705 subiecta
966 2656 1101 2723 taurquam
1129 2648 1155 2703 in
1178 2666 1241 2707 unat

102 2750 257 2808 'notionem
274 2746 425 2803 coalescere
448 2748 574 2809 ostendit,
598 2748 622 2802 id
641 2748 713 2822 quod
735 2747 793 2804 lieri
817 2766 871 2805 mm
893 2758 1002 2825 potest,
1029 2751 1051 2806 si
1075 2750 1128 2805 tria
1152 2733 1241 2808 illari

118 2853 270 2913 timentur:
290 2849 386 2905 deindo
415 2848 486 2921 quod
520 2849 654 2923 cupiditas
675 2857 704 2905 et
734 2851 825 2907 ollium
849 2859 950 2909 curetum
980 2851 1193 2927 conplectuntur
1215 2882 1241 2897 -

118 2971 178 3010 uam
203 2952 347 3008 metuimus
365 2968 399 3006 ne
415 2969 483 3025 quae
498 2951 638 3025 cupiamus
655 2968 710 3007 uon
728 2954 860 3016 eueniant,
881 2972 949 3028 uuae
966 2954 1103 3010 oderimus
1119 2955 1241 3013 aocntuu

119 3064 175 3112 tum
196 3055 322 3130 quoniam
343 3071 500 3130 perversum
521 3061 562 3110 est
580 3054 689 3110 eosdem
712 3055 758 3128 qui
778 3056 859 3112 ruodo
885 3056 957 3112 omni
979 3064 1053 3113 metu
1074 3074 1104 3112 sc
1127 3056 1241 3117 liberant

117 3159 181 3215 dicti
204 3160 272 3219 siut,
294 3164 383 3212 tamen
411 3164 484 3212 uretu
507 3155 534 3211 iu
555 3172 639 3212 uuum
660 3154 772 3228 glolurm
797 3165 907 3234 coactos
929 3176 989 3214 esse
1010 3158 1072 3215 dici.
1117 3159 1208 3232 Atque
1226 3176 1241 3217 ι

117 3261 294 3318 correedaruus
322 3267 422 3314 uretum
451 3258 523 3313 iuter
550 3257 672 3313 bouriues
700 3259 839 3314 societatis
864 3258 999 3316 vinculum
1024 3260 1160 3334 quoddam
1188 3276 1241 3327 eeu

118 3373 207 3420 tauron
231 3363 275 3418 ubi
305 3361 420 3417 societas
448 3360 571 3433 iungitur
598 3360 649 3415 ianr
672 3375 726 3415 nou
746 3371 834 3417 metus
860 3362 950 3421 adest,
978 3370 1021 3417 set
1043 3360 1241 3435 probibendi!

116 3464 280 3522 descruluudi
310 3464 437 3520 studium¹
488 3461 593 3529 Quare
614 3470 687 3518 recte
707 3463 762 3518 liat.
786 3471 833 3525 20,
856 3470 874 3523 4
895 3481 961 3519 rrum
984 3466 1057 3520 idem
1080 3465 1151 3521 velle
1170 3471 1241 3539 atqu

117 3570 189 3624 idem
211 3569 285 3624 rrollc
305 3582 339 3622 cu
361 3569 472 3623 dearum
492 3567 579 3636 firura
603 3565 728 3620 ornicitia
751 3572 801 3621 cst.

202 3670 286 3738 Quam
307 3669 392 3725 multa
417 3668 581 3742 glossemata
603 3669 629 3723 iu
653 3675 753 3724 tentrun
779 3666 890 3723 Sallusti
913 3667 997 3723 inlata
1019 3667 1083 3731 siut.
1107 3667 1241 3725 ostenda!

117 3774 169 3830 loci
189 3773 245 3846 lug.
268 3780 310 3835 31,
331 3778 361 3834 17
384 3771 430 3827 ubi
451 3777 582 3840 moralem,
604 3777 632 3826 et
653 3774 695 3832 32,
718 3779 734 3830 5
756 3769 801 3826 ubi
819 3778 953 3841 praetor,
975 3788 1026 3844 pro
1049 3787 1104 3844 quo
1128 3767 1174 3824 alii
1194 3784 1241 3844 per

116 3894 208 3951 peram
226 3876 255 3931 1¹.
277 3875 307 3930 ll.
330 3874 471 3935 culribcut,
500 3883 674 3948 optumorum
698 3872 830 3928 librorum
851 3890 985 3929 consensu
1007 3871 1167 3929 reiciuntur.
1185 3901 1190 3913 ·
1209 3868 1241 3929 ἵε

116 3976 300 4035 admirabilius
319 3977 390 4050 quod
413 3985 455 4038 35.
479 3985 488 4036 l
512 3975 582 4032 liber
604 3975 722 4032 oruuium
741 3974 951 4032 r'ctrrstissumus
975 3976 995 4031 P
1017 3973 1094 4031 solus
1106 3972 1241 4046 profuga

116 4098 155 4138 car
174 4082 273 4153 putria
296 4081 421 4147 obierat,
444 4078 538 4135 relicui
562 4096 656 4135 omues
677 4094 717 4133 ex
738 4078 842 4150 Africa
865 4079 977 4134 abierat
997 4076 1139 4151 praebent.
1183 4074 1241 4144 Qua

117 4202 177 4239 rum
199 4192 290 4238 utrarur
313 4181 448 4255 glossema
466 4182 514 4236 tibi
530 4182 634 4236 uirlotur
649 4184 725 4237 esse‘l
749 4180 805 4235 llea
823 4180 932 4254 (pridem
953 4179 1088 4235 sententia
1112 4177 1155 4233 bic
1177 4176 1241 4237 lora

115 4286 278 4341 documento
304 4292 360 4345 est,
394 4302 472 4357 urtam
510 4283 587 4339 facile
615 4283 779 4355 glossemata
813 4300 873 4337 uera
908 4281 1044 4355 scriptura
1071 4286 1176 4335 remota
1205 4288 1241 4357 pe

116 4404 210 4445 oruues
232 4386 317 4443 libros
335 4392 485 4461 propagata
507 4385 571 4441 siut.
605 4386 704 4442 Contra
724 4385 750 4440 in
773 4384 926 4441 notissumo
949 4380 997 4439 illo
1019 4381 1165 4456 lugurtlrae
1180 4380 1241 4441 atat
