2768 5010
160 361 201 429 62
494 373 979 428 mmmmmsmanrt—t

161 536 206 597 sit,
224 533 344 585 dubitari
362 524 408 584 vix¹
426 534 525 600 possit,
546 534 616 599 quod
635 534 767 584 audacius
785 535 893 585 videtur
915 551 1056 584 numerum
1078 533 1141 584 libri
1165 550 1209 600 ap.
1233 533 1304 584 Non.

161 603 288 655 vitiosum
306 603 442 663 iudicare,
467 608 542 650 certe
565 603 604 651 ibi
628 597 678 651 hoe
702 604 800 668 fragm.
821 604 923 653 dietum
941 604 1026 653 fuisse
1046 602 1174 668 adparet,
1199 602 1245 650 ubi
1270 602 1304 651 de

160 687 230 722 novo
250 671 300 721 Gn.
320 670 432 735 Pompei
452 670 485 718 ad
503 669 604 719 bellum
624 671 810 719 Sertorianum
829 670 964 735 adparatu
990 678 1081 720 actum
1100 676 1150 719 est.
1187 671 1223 718 st
1240 669 1304 718 libri

163 739 235 805 apud
253 739 369 788 Nonium
386 740 482 787 ebiosis
500 739 688 802 raupistrutibus
706 738 844 799 exhibent,
867 739 936 803 quod
955 739 1076 788 Kritzius
1094 739 1135 787 sio
1154 737 1304 787 defendere

162 807 278 865 studuit,
298 813 327 854 ut
344 822 393 870 per
412 805 618 870 magistratuum
639 804 747 856 Galliae
766 807 980 870 praesidentium
1005 807 1072 855 vitia
1092 805 1237 854 caritatem
1257 820 1304 853 au·

162 889 251 923 nouae
270 878 379 922 auotaru
398 888 458 922 esse
483 872 594 922 diceret.
632 873 679 921 Set
703 889 865 937 quamquam
884 874 912 924 li.
931 873 948 922 l.
974 875 1007 922 de
1031 875 1098 924 uitio
1122 872 1225 922 creatis
1248 887 1304 920 ma-

162 942 323 1007 gistratibus
332 957 412 990 nemo
422 940 544 1003 cogitare
555 945 673 1004 poterat,
687 946 779 989 tamen
786 940 914 992 Sallustio
925 942 1021 990 merito
1032 941 1206 1006 obprobrium
1217 939 1305 998 fieret,

163 1009 233 1074 quod
251 1009 374 1058 sollemni
394 1008 510 1057 iornrula
529 1008 630 1056 abusus
649 1013 730 1057 esset.
767 1009 803 1057 nt
822 1023 870 1057 our
888 1009 974 1058 noluit
992 1010 1053 1074 ipsa
1071 1008 1139 1058 vitia
1158 1008 1305 1073 magistra·

162 1084 238 1126 tuum
260 1077 365 1136 dicere,
390 1076 448 1124 sive
468 1075 628 1134 avaritiam,
653 1077 712 1133 sive
734 1075 882 1136 luxrrriam,
907 1077 965 1126 sive
988 1076 1213 1141 neglegentiam?
1240 1075 1306 1123 Veri

163 1144 277 1195 similius
299 1145 384 1209 igitur
407 1143 515 1193 videtur
537 1139 629 1193 verbis
653 1143 708 1192 illis
732 1143 765 1193 de
790 1144 910 1193 locorum
935 1148 982 1193 sut
1001 1145 1067 1194 anni
1084 1149 1185 1192 natura
1203 1143 1316 1191 dietum'

163 1228 233 1262 esse.
268 1213 328 1261 Iam
347 1211 416 1275 quod
435 1211 652 1276 Havereampius
673 1211 791 1260 coniecit
807 1213 904 1261 uitiosis
921 1215 1000 1275 napis
1018 1211 1170 1269 aestatibus,
1193 1209 1308 1259 illinon

163 1280 266 1339 minus,
286 1294 366 1343 quam
387 1279 424 1338 ei,
445 1277 515 1341 quod
533 1277 626 1341 Mahly
644 1279 678 1327 N.
697 1279 729 1328 A.
750 1279 877 1328 LXXVII
895 1296 921 1344 p.
940 1279 1164 1328 asscribendum
1184 1278 1307 1342 suspica-

163 1355 207 1397 tus
226 1353 268 1396 est
284 1347 380 1395 uitiosis·
397 1350 476 1410 mepte
493 1345 628 1405 tractibus,
652 1346 843 1411 obponendum
861 1340 909 1396 'est
932 1347 1000 1396 haut
1018 1346 1101 1396 facile
1121 1346 1241 1411 perspici
1260 1360 1309 1393 eur

165 1413 311 1465 Sallustius
329 1415 424 1463 uitiosis
441 1415 533 1476 napis,
558 1429 638 1476 quam
661 1414 830 1464 vitiosiortbus
849 1414 941 1463 «licere
960 1415 1096 1464 maluerit.
1133 1413 1212 1474 Quod
1232 1412 1307 1461 Gerl.

164 1482 228 1531 olim
247 1482 417 1531 coniecerat:
440 1481 536 1530 uitiosis
554 1484 620 1529 mala
641 1481 778 1539 tractibus,
804 1488 914 1546 praeter
937 1482 1141 1532 insolentiorum
1164 1481 1308 1530 verborum

164 1550 286 1599 ordinem
305 1549 340 1597 ab
359 1547 488 1597 librorum
507 1548 642 1612 scriptura
664 1547 771 1613 longius
789 1549 914 1599 discedit.
952 1550 1030 1610 Quod
1048 1551 1107 1614 ipse
1127 1548 1233 1597 oonieei
1251 1551 1311 1611 apri

165 1616 288 1667 tractibus
306 1622 413 1665 tantum
432 1615 511 1665 abest
528 1620 559 1663 ut
576 1631 669 1666 verum
687 1616 819 1678 iudicem,
845 1623 875 1666 ut
902 1634 936 1667 ne
961 1617 1110 1683 perieulum
1134 1616 1248 1680 ignavia
1267 1616 1309 1663 in-

166 1685 239 1750 gisse
258 1684 367 1735 viderer
383 1683 579 1748 proposuerim.

252 1787 271 1846 2
295 1785 354 1866 [llr.
371 1793 395 1843 ’2.
419 1787 452 1847 G.
468 1783 523 1864 l3].
561 1783 683 1845 Caseret
703 1777 890 1865 biperatora
914 1787 1038 1866 perfuga
1061 1784 1216 1863 Celtibero.

250 1889 328 1937 Aras.
349 1904 375 1951 p.
394 1886 444 1937 243
462 1902 484 1935 s.
503 1902 529 1936 v.
549 1885 611 1936 bave
630 1886 661 1936 ab
679 1886 737 1937 illis.
773 1888 805 1936 In
825 1888 882 1937 eod.
903 1888 1033 1953 seriptum
1053 1893 1106 1937 ost:
1125 1886 1215 1936 tauers
1233 1888 1311 1949 impe-

166 1962 255 2008 ratore
276 1971 327 2020 per
344 1955 422 2020 Kapa
442 1955 576 2005 Celtibero.
611 1956 643 2003 In
665 1971 715 2018 per
736 1955 803 2019 bapa
825 1955 912 2006 latere
934 1957 1048 2020 persupa
1070 1960 1145 2004 reete
1168 1954 1311 2019 perspexit
1368 1954 1372 1963 '

40 2070 45 2080 ,
88 2031 90 2036 “
167 2025 306 2084 Lindem,
330 2029 374 2072 set
396 2038 503 2072 omnem
526 2022 583 2071 eius
609 2022 825 2072 emendationem
850 2031 935 2073 cauete
966 2023 997 2072 ab
1020 2026 1174 2088 imperatore
1196 2022 1312 2085 persapa

169 2093 294 2143 Celtibero
313 2091 436 2155 stupidius
460 2089 526 2139 mibi
545 2089 652 2154 quidem
670 2090 791 2138 Kritzius
816 2091 925 2140 videtur
943 2091 1104 2156 adripuisse.
1140 2090 1309 2153 Interpreta-

167 2168 212 2211 tus
231 2166 273 2210 est
290 2160 323 2209 de
342 2158 493 2208 rumoribus
512 2157 728 2207 calumniatoriis
746 2158 775 2207 iu
793 2158 943 2208 Sertorium
960 2159 1073 2223 sparsis,
1092 2154 1237 2221 dequibus
1255 2156 1310 2205 iam

168 2228 237 2277 libro
256 2227 374 2277 secundo
393 2226 493 2275 dixisse
512 2225 670 2274 Sallustium
689 2226 809 2276 ostendit
826 2226 859 2275 fr.
880 2225 921 2276 30.
952 2226 1047 2290 Neque
1063 2242 1114 2290 ego
1128 2224 1235 2288 quidem
1249 2241 1266 2288 p
1278 2239 1310 2271 ir-

169 2296 239 2361 eipio
258 2311 309 2359 quo
327 2294 405 2343 modo
424 2293 569 2354 Sertorius,
589 2293 727 2341 Romanus
745 2291 860 2349 scilieet,
881 2293 1044 2354 celtiberus,
1064 2299 1092 2342 et
1105 2291 1175 2357 quod
1188 2240 1311 2356 eorpSris

170 2363 321 2413 custodiam
335 2361 481 2410 Celtiberis
493 2360 671 2427 permisisset,
690 2360 752 2412 ideo
765 2360 823 2426 ipse
836 2362 948 2425 persepe
962 2362 1100 2412 Celtiberia
1112 2361 1167 2409 dici
1179 2359 1312 2424 potuerit.

169 2432 237 2481 Nam
259 2430 406 2479 Celtiberam
422 2429 558 2492 perfupam
572 2427 637 2494 ‚uici
662 2443 715 2475 non
738 2428 783 2491 qui
807 2444 868 2477 oum
887 2428 1042 2478 Celtiberus
1065 2429 1177 2477 natione
1201 2427 1250 2487 sit,
1277 2426 1311 2474 ad

170 2499 253 2551 aliam
264 2496 453 2560 transfugerit,
467 2499 510 2543 set
523 2495 568 2558 qui
580 2495 615 2543 ad
628 2493 782 2544 Celtiberos
794 2496 949 2561 confugerit
959 2512 993 2546 ne
1014 2512 1038 2545 o.
1068 2495 1250 2545 binominem
1263 2494 1311 2542 im·

170 2571 325 2631 perstarem
343 2563 478 2622 invenias,
498 2563 542 2626 qui
557 2567 631 2611 reete
641 2563 754 2627 persepe
768 2563 906 2614 celtiberus
924 2512 1057 2628 adpebari
1069 2562 1198 2628 potuerit.
1228 2561 1313 2610 Prae-

171 2627 333 2698 po'sitionem
353 2647 369 2680 a
387 2630 522 2679 excidisse
541 2629 729 2678 certissumum
748 2636 799 2690 est,
819 2636 848 2680 at
867 2631 930 2694 quid
948 2631 1062 2695 inpedit,
1082 2630 1233 2694 quominus
1247 2634 1312 2677 ante

170 2700 287 2766 perfuga
307 2713 368 2748 eam
386 2698 476 2747 tuisse
495 2699 666 2746 statuamus?
701 2698 779 2758 Quod
802 2698 825 2747 si
843 2698 883 2748 ita
905 2698 994 2747 locum
1020 2698 1196 2762 conrigimus,
1212 2700 1251 2745 'nt
1271 2696 1312 2744 in-

170 2767 292 2833 peratori
316 2782 332 2814 a
354 2765 471 2830 perfuga
495 2764 635 2813 Celtibero
659 2765 811 2815 cavendum
835 2782 895 2816 esse
920 2766 1094 2830 exprimatur,
1120 2764 1203 2814 laoile
1221 2762 1314 2812 locum

172 2835 250 2884 uobis
263 2833 365 2898 lingere
379 2847 529 2897 possumus,
549 2831 595 2879 ubi
607 2831 656 2897 illa
673 2833 759 2882 verba
772 2834 875 2898 scripta
890 2833 1000 2894 luerint,
1014 2832 1144 2883 videlicet
1156 2833 1184 2880 in
1203 2830 1322 2900 litteris„

172 2917 242 2969 quae
263 2902 296 2952 ab
315 2901 393 2950 lioste
413 2907 461 2950 aut
478 2901 513 2949 ab
532 2900 620 2949 arnico
640 2900 674 2948 ad
692 2900 849 2966 Pompeium
868 2902 969 2951 missae
991 2906 1078 2950 erant.

257 3002 298 3063 *3
322 3001 381 3082 [lii.
397 3011 422 3059 4.
445 3007 474 3059 G.
492 3000 549 3081 20].
593 3001 678 3060 llario
699 3002 788 3077 igilur
809 3003 961 3078 redarguit
982 3002 1159 3081 Tarquitius.

257 3107 358 3154 Donat.
378 3104 414 3153 ad
431 3103 494 3152 Ter.
513 3103 563 3151 Ad.
583 3103 623 3151 111
640 3104 665 3163 2,
682 3102 724 3151 14:
745 3103 816 3152 Iram
834 3102 914 3168 bara]
933 3105 1025 3154 'Hane‘
1044 3105 1168 3153 laterclum
1184 3117 1233 3166 pro
1252 3118 1315 3166 prra-

173 3178 255 3227 lllate.
281 3174 403 3222 interdum
420 3188 469 3234 pro
489 3173 628 3235 pecualitate
647 3173 794 3234 accipimus.
819 3174 942 3222 interdum
957 3188 1008 3236 pro
1027 3178 1133 3236 utroque
1155 3177 1181 3217 at
1205 3175 1315 3234 ‘tuaque

173 3247 278 3291 animum
296 3242 361 3290 bauo
378 3240 511 3303 effundere
536 3239 673 3288 deutral'·
686 3245 710 3287 et
735 3239 811 3289 ‘briae
833 3256 879 3303 epo
898 3248 936 3297 le,
955 3241 1081 3302 Euryale,
1102 3239 1231 3302 aspr'er'o'l
1267 3237 1315 3285 Set

172 3327 237 3359 aune
253 3326 302 3373 pro
320 3315 426 3372 utroque
446 3307 524 3355 ‘barte'
543 3307 618 3366 durii,
639 3312 664 3353 ut
683 3305 816 3355 Sallustius
834 3309 865 3356 ile
883 3305 1161 3371 seriplioae‘Cellr'beri
1172 3309 1223 3354 ait:
1241 3304 1315 3352 liune

174 3379 258 3442 igitur
281 3375 422 3441 redarguit
445 3373 608 3437 'l‘arquinua
651 3375 717 3422 Cum
742 3374 874 3424 Celtiberi
902 3391 999 3424 nomen
1024 3375 1152 3424 ostendat
1174 3373 1220 3421 illo
1245 3371 1314 3421 Sall.

173 3445 234 3495 loeo
258 3458 410 3493 sermonem
434 3441 467 3490 ‹le
490 3440 571 3489 rebus
595 3441 622 3489 in
645 3441 782 3505 Hispania
810 3443 897 3506 gestis
920 3443 1016 3502 fuisse,
1042 3458 1095 3491 non
1119 3442 1207 3490 minus
1232 3444 1315 3488 aetite

174 3528 254 3577 quam
278 3528 342 3561 vere
362 3509 457 3558 Carrio
480 3509 624 3573 Tarquitius
642 3509 839 3568 restituendum
864 3509 972 3558 censuit
991 3510 1060 3570 (rid.
1082 3510 1114 3558 sr.
1134 3509 1176 3562 ti.
1213 3507 1315 3567 Quam-

174 3596 254 3645 quam
273 3580 338 3628 illud
357 3580 491 3626 incertum
511 3583 561 3633 est,
580 3582 670 3625 utrum
687 3577 763 3626 loeus
780 3578 807 3625 11
825 3593 860 3626 an
873 3578 912 3626 llI
932 3578 993 3626 libri
1013 3578 1104 3625 luerit.
1141 3579 1188 3625 Set
1207 3590 1267 3623 oum
1282 3590 1315 3622 ex

175 3649 277 3697 Donati
294 3646 386 3696 verbis
406 3645 549 3708 adpareat,
568 3644 619 3693 boe
638 3644 739 3693 ‹lietum
752 3644 851 3693 inisse:
873 3645 906 3694 ab
919 3644 1062 3708 'larquitio
1075 3659 1145 3708 quae
1160 3642 1316 3691 celtiberus

175 3717 284 3780 quidem
302 3714 468 3778 scripsisset,
488 3712 587 3776 quippe
607 3712 642 3760 ab
661 3712 711 3760 tali
728 3712 836 3760 bomine
855 3714 967 3777 scripta,
987 3713 1091 3761 reiecta
1105 3727 1174 3768 esse,
1195 3710 1315 3774 aliquam

174 3784 232 3834 veri
251 3783 371 3847 speeiem
389 3797 455 3844 prae
475 3796 504 3829 se
524 3780 578 3828 lert
595 3779 665 3828 haee
683 3781 817 3844 suspicio,
841 3797 898 3829 rem
916 3781 1020 3830 factam
1039 3795 1099 3828 esso
1119 3786 1182 3827 anto
1202 3777 1314 3826 caedem

175 3852 294 3900 Sertorio
313 3854 448 3914 paratum.
479 3846 605 3895 Dillisum
620 3854 680 3895 esso
700 3846 849 3897 Sertorium
861 3848 991 3898 Ronranis
1010 3864 1061 3896 nee
1080 3847 1132 3895 nisi
1145 3847 1190 3894 diu
1204 3851 1314 3894 carreta-

175 3924 231 3968 tum
250 3919 359 3966 tandein
379 3917 413 3964 ad
432 3931 545 3964 coruram
564 3916 593 3962 iu
605 3916 766 3979 Perpennae
785 3915 893 3964 domum
910 3917 1018 3965 venisse
1032 3919 1141 3964 constat
1160 3915 1264 3976 (lirani.
1280 3912 1316 3960 IV

174 4001 201 4050 p.
221 3984 290 4038 :itta
326 3985 396 4033 Num
414 3984 499 4048 igitur
517 3983 575 4033 reri
593 3983 727 4031 dissimile
747 3988 801 4039 est,
826 3982 975 4032 Sertorium
995 3983 1029 4032 ab
1049 3982 1189 4030 Celtibero
1207 3981 1315 4029 litteras

176 4055 331 4118 accepisse,
356 4051 453 4115 quibus
476 4067 510 4099 no
535 4051 570 4099 ad
588 4065 702 4099 boetiam
721 4051 774 4099 iret
796 4051 994 4111 deterreretur,
1019 4050 1188 4114 Tarquitium
1213 4054 1314 4102 autem,

176 4122 275 4187 qnippe
295 4121 386 4184 quiin
406 4118 556 4167 coniuratis
571 4124 652 4179 esset,
672 4119 796 4181 quamtis
816 4123 924 4168 eeteros
937 4135 990 4168 non
1008 4119 1140 4178 novisset,
1161 4132 1208 4166 eas
1227 4115 1314 4179 suspi-

177 4191 269 4240 aiones
289 4188 479 4252 redarguisse?

261 4292 278 4349 4
315 4290 374 4370 [llr.
391 4296 415 4347 3.
439 4293 468 4345 ti.
490 4286 544 4368 lt].
585 4287 676 4364 igitur
693 4288 878 4355 ‹lisrulurera
900 4289 1049 4348 Sertorius
1068 4287 1188 4347 inferior
1207 4287 1234 4344 in
1255 4304 1316 4343 llut-

177 4393 235 4461 dio,
258 4410 348 4469 saper·
370 4409 437 4452 eum
462 4391 493 4450 L.
520 4389 625 4449 b'aliius
648 4390 847 4468 Hispaniensis
868 4397 987 4449 serratis·
1009 4409 1043 4448 «rx
1067 4388 1258 4469 proscriptis:
1287 4387 1317 4444 in
