2768 5010
512 393 735 435 nrsronmnvu
759 393 822 433 mn.
846 381 923 437 141.
1246 365 1278 429 11

145 561 261 622 oetprteo
281 545 350 604 satis
374 545 487 609 mirari,
509 546 559 620 qui
582 543 788 603 dorninatioois
807 545 836 603 io
859 560 909 601 ros
930 509 1079 602 servitium
1101 559 1185 601 suum
1206 558 1283 601 mer·

147 646 249 705 eedem
272 646 341 706 dant
363 654 392 705 ot
411 654 569 724 utrunupre
592 663 644 723 per
674 646 808 705 iniuriam
835 643 947 704 malunt
966 662 1054 722 quam
1077 649 1198 721 optumo
1219 644 1288 703 iuro

111 757 128 805 :t
147 747 231 807 liheri
254 766 358 824 agere:
381 747 532 825 praeclara
559 748 719 807 Brutorum
740 753 827 824 atque
841 744 1031 806 Aemiliorum
1055 753 1083 805 et
1103 746 1285 806 Lutatiorum

148 848 254 926 proteo,
276 850 364 925 geniti
387 850 423 908 ad
452 868 501 916 ea,
526 868 601 927 quam
622 850 748 908 maiores
772 850 875 908 virtute
897 866 1050 926 peperere,
1074 847 1282 907 sulrrortnnda.

112 960 127 1010 -t
146 950 220 1011 Nam
243 951 312 1027 qrrid
334 969 350 1010 a
374 951 488 1029 Pyrrho
509 949 682 1015 llarmihale,
704 949 898 1029 Philippoque
919 957 948 1010 et
968 948 1110 1010 Antiocho
1132 949 1307 1009 ‹leh-usurus

148 1059 190 1111 est
214 1051 292 1111 alind
315 1071 402 1130 quam
424 1052 544 1112 libertas
563 1059 592 1110 et
614 1071 684 1111 suae
707 1053 812 1129 ruique
835 1051 928 1119 sedes,
948 1069 1006 1111 nou
1029 1053 1075 1110 eui
1098 1052 1152 1110 nisi
1172 1049 1287 1127 legilms

111 1156 341 1230 opareremos'?
371 1173 446 1232 iprae
470 1161 574 1214 cuneta
597 1171 719 1214 seaerns
741 1154 794 1213 iste
814 1151 956 1213 Romulus
984 1153 1067 1230 qnasi
1093 1151 1129 1212 ah
1159 1152 1287 1212 externis

147 1261 229 1332 rapta
253 1262 343 1323 tenet,
366 1274 425 1314 non
446 1263 487 1314 tot
509 1257 691 1315 exercituum
715 1255 914 1332 eludensque
938 1253 1091 1314 eonsutum
1112 1260 1143 1314 ot
1162 1252 1286 1314 aliorum

146 1357 322 1434 principum,
346 1376 420 1436 quos
444 1355 559 1416 iorhnm
580 1355 647 1417 hetti
670 1363 902 1434 eonsmnpserat,
924 1352 1053 1424 satia‘tus
1076 1363 1121 1415 set
1138 1362 1199 1414 tmu
1219 1372 1286 1415 ern·

146 1457 255 1528 delier,
285 1478 352 1519 enm
380 1457 538 1536 plerosquo
567 1458 715 1518 seeuudao
739 1460 836 1518 resin
860 1458 1077 1518 miserationem
1098 1477 1133 1518 ex
1155 1459 1196 1517 ira
1220 1472 1322 1515 ror-to

111 1567 220 1619 olunt.
264 1559 341 1630 Quin
369 1559 449 1623 solus
479 1561 609 1619 omnium
642 1566 708 1636 post
736 1561 909 1620 memoriam
938 1559 1058 1619 luunani
1080 1559 1196 1635 generis
1217 1557 1313 1618 suh-¹

147 1661 231 1739 ptieia
252 1664 280 1722 in
298 1669 364 1739 post
387 1661 503 1721 hrtnros
526 1663 689 1738 eorrposuit,
715 1663 780 1739 quis
794 1663 877 1737 prius
892 1662 997 1721 iniuria
1018 1679 1106 1739 qnam
1129 1662 1184 1720 rita
1207 1666 1287 1720 certa

147 1769 237 1832 esset;
271 1764 510 1841 prmissnmeque
540 1780 593 1840 per
620 1761 741 1822 seeleris
774 1763 973 1823 imnauitatem
998 1762 1094 1822 adltuo
1119 1768 1198 1822 lutus
1224 1762 1287 1830 init,

147 1865 217 1924 dnm
240 1883 291 1924 ros
312 1872 391 1924 metu
412 1866 554 1939 gravioris
576 1866 675 1924 serriti
695 1883 710 1922 a
732 1862 894 1940 repetunda
916 1862 1051 1923 libertate
1073 1865 1233 1923 terremini.

114 1979 129 2027 7
233 1966 389 2042 Agundum
405 1972 492 2043 atquo
508 1965 621 2025 otniam
642 1966 770 2026 emulum
790 1971 843 2031 est.
866 1965 1002 2037 Quirites,
1026 1982 1064 2024 ne
1081 1964 1172 2040 spotia
1193 1971 1323 2024 rostrato

148 2085 239 2143 penes
269 2067 333 2126 illos
360 2067 431 2134 sint;
462 2085 521 2126 non
550 2066 756 2144 prolatandum
784 2085 880 2145 neque
912 2067 984 2124 rotis
1010 2065 1140 2142 paranda
1169 2065 1288 2126 arrnilia:

148 2170 202 2227 nisi
226 2169 302 2228 l'orte
325 2170 448 2244 speratis
470 2168 598 2228 taedium
620 2169 678 2227 iam
698 2175 748 2228 ant
765 2168 910 2245 pudorem
932 2167 1093 2246 tyrannidis
1107 2166 1204 2227 Sullae
1226 2184 1290 2226 esso

112 2279 176 2331 set
199 2288 266 2329 omn
291 2287 344 2346 pu·
364 2268 460 2328 sortus
488 2277 630 2346 oeeupato
659 2268 852 2345 periculosius
877 2268 1075 2329 dimismrum.
1125 2268 1229 2329 Atilio
1253 2288 1289 2329 eo

148 2371 305 2448 proeessit,
336 2378 367 2429 nt
395 2369 465 2430 nihil
494 2371 652 2447 gloriosum
678 2372 734 2430 uisi
756 2377 851 2430 tutum
875 2377 903 2431 ot
925 2372 1020 2430 onmia
1045 2370 1215 2431 retinendae
1237 2369 1290 2429 do·

112 2473 314 2536 ordinationis
342 2472 461 2531 honesta
492 2474 656 2531 existumet.
697 2472 797 2550 ltaque
828 2470 873 2531 illa
902 2473 986 2550 quies
1008 2471 1145 2532 et'otium
1165 2488 1232 2530 enm
1256 2470 1323 2531 tto

148 2573 276 2641 hortale,
306 2592 381 2652 quae
409 2573 491 2633 multi
516 2572 601 2651 probi
630 2577 727 2652 potius
754 2591 842 2651 quam
871 2572 1003 2634 lahorem
1031 2591 1099 2632 etun
1127 2572 1290 2634 honorihus

231 2760 315 2807 'lesu
331 2775 437 2808 senrrr.
475 2759 498 2807 5.
519 2761 620 2809 Donat.
641 2759 675 2809 ud
694 2760 756 2808 Ter.
778 2758 884 2807 Phorm.
905 2758 968 2815 111.
987 2759 1028 2809 ta:
1048 2759 1191 2824 Superiora
1203 2749 1288 2815 ,οἷσόν-

148 2825 216 2875 dena
239 2834 307 2879 sterit.
333 2828 459 2888 inferiore
483 2828 628 2875 intermistis
651 2826 871 2876 corrinnelionibne.
916 2829 1064 2876 Srrllrrolinr:
1095 2844 1156 2876 nom
1181 2828 1289 2891 quidem

150 2898 230 2951 [eone.
250 2895 322 2958 qnid]
344 2910 359 2943 n
380 2895 482 2957 l'yrrho
503 2895 658 2943 llmmihulo
672 2902 696 2943 et
712 2910 828 2958 neqnore
844 2901 872 2943 et
884 2901 966 2943 terra.
1004 2896 1057 2945 Ubi
1077 2902 1173 2960 optorto
1191 2895 1288 2960 prioris

148 2963 264 3026 exe-rupti
279 2970 409 3020 extrema,
425 2963 537 3011 alienius
551 2963 638 3027 prima
655 2963 741 3012 rerhn
761 2962 928 3022 exciderunt,
944 2968 971 3011 et
982 2978 1017 3012 tro
1029 2962 1095 3011 illud
1109 2964 1217 3028 quidem
1231 2979 1288 3013 cor-

148 3036 202 3078 tum
222 3046 283 3078 unm
304 3029 418 3078 alterum
438 3029 549 3078 Sallusti
570 3031 652 3079 fuerit
675 3030 738 3090 (rid.
758 3045 816 3078 vor.
835 3027 920 3085 leeth.

233 3115 256 3162 7.
283 3115 359 3162 Serv.
381 3115 414 3162 nd
434 3115 515 3176 t'erg.
536 3113 595 3162 not.
615 3114 654 3162 111
676 3112 717 3161 ra:
749 3114 873 3163 Peon-se
897 3113 1033 3166 Menelao.-
1055 3122 1097 3163 orit
1116 3131 1236 3164 converse
1255 3118 1291 3164 od

147 3182 332 3246 turpitudinem,
352 3190 393 3229 md
413 3184 576 3245 intellipmnns
591 3184 673 3245 feriare
687 3185 808 3246 parendum
822 3182 965 3231 allenrdram
977 3181 1088 3237 nobilem.
1108 3190 1134 3231 ut
1147 3187 1219 3232 iatum
1229 3200 1288 3248 per·

147 3268 242 3299 eorunm
262 3249 405 3298 Monoleum
424 3251 521 3298 (timorit
540 3252 605 3298 illius
623 3251 821 3312 eoniporotione.
859 3250 903 3298 Sir
920 3251 1070 3298 Sallustius:
1088 3266 1187 3300 saevus
1207 3253 1287 3309 [conr.

147 3321 273 3373 seuerus]
294 3318 345 3364 iste
366 3318 501 3366 llomuhrs.
906 3318 911 3327 ’

218 3401 255 3450 15.
276 3402 375 3450 lhnrat.
398 3402 432 3449 ad
450 3402 512 3449 Ter.
533 3402 614 3449 Andr.
634 3403 646 3450 l
665 3402 690 3459 ἴ),
714 3400 756 3449 tn:
784 3402 851 3451 Alire
871 3404 1001 3455 florendo:
1024 3419 1125 3466 retroper
1147 3403 1194 3451 hoe
1209 3417 1289 3466 penita

147 3472 323 3585 deripuitionip
340 3472 513 3518 neeersitntern
532 3470 650 3527 ostendit,
670 3475 694 3517 ut
714 3496 742 3503 -
764 3472 912 3519 Sallustius:
931 3471 1066 3535 agendum
1086 3475 1167 3536 atque
1181 3468 1288 3520 obviism

148 3552 200 3585 oun
221 3552 264 3585 um
283 3553 331 3584 ees.

147 3741 172 3787 2.
193 3745 337 3803 uteumrpre
359 3740 465 3788 Beothius
482 3741 568 3803 penes.
588 3758 614 3802 p.
635 3741 671 3788 1x
692 3742 722 3788 ri.
748 3767 777 3773 —
803 3738 827 3788 3.
848 3739 928 3788 liberi
947 3739 979 3792 ll.
1017 3740 1102 3790 libere
1123 3743 1194 3790 (hrt.
1211 3768 1243 3777 -=
1261 3742 1287 3792 4.

90 3841 96 3851 .
148 3808 333 3856 sirtrvertenda
352 3807 384 3859 hl.
407 3835 436 3841 —-
456 3808 480 3855 5.
502 3811 616 3867 (irenaceis
634 3810 755 3856 orrdoeius
774 3809 801 3856 td
817 3811 899 3856 roniei
916 3810 1038 3865 ridentur,
1058 3816 1140 3857 tonren
1158 3825 1207 3860 non
1223 3813 1291 3860 omni

146 3878 232 3936 speeie
250 3879 304 3923 reri
321 3882 407 3927 roret.
430 3877 500 3938 related
519 3877 642 3923 monton
663 3876 841 3939 Philippoque
861 3884 888 3923 et
906 3875 1053 3936 Autioeho,
1076 3883 1115 3925 set
1138 3879 1162 3925 in
1185 3878 1291 3927 Sallenti

146 3943 217 3991 tibris
235 3950 293 4004 preest
311 3960 342 3990 en
361 3943 437 3991 oerhn
456 3949 483 3990 et
502 3958 619 4006 aequore
639 3949 667 3989 et
685 3949 759 3991 terra
777 3944 914 3992 recidisse.
933 3969 967 3978 -
985 3944 1009 3991 7.
1029 3960 1145 3993 seuerus
1158 3944 1190 3996 dl.
1227 3961 1288 3994 sae·

148 4026 196 4058 vus
217 4012 285 4058 t'ort.
312 4038 342 4044 -
366 4013 390 4057 a.
413 4010 550 4058 eonsntmn
570 4010 602 4061 ll.
641 4011 759 4058 consutis
780 4012 848 4059 thr-t.
874 4037 904 4045 —-
928 4009 965 4058 11.
986 4016 1047 4074 pom
1065 4013 1221 4061 memoriam
1240 4013 1288 4062 ltn-

148 4079 220 4124 mani
240 4078 356 4141 suplieio
375 4078 407 4129 ll.
445 4095 470 4140 p.
491 4078 647 4124 memoriam
667 4076 803 4125 hominum
822 4077 909 4142 suppl.
932 4080 1022 4126 t'ort.'
1056 4079 1164 4141 generis
1177 4087 1288 4129 inseren-

148 4147 203 4192 dmn
222 4162 277 4192 esse
296 4149 355 4192 uidit
375 4144 451 4192 (hott.
476 4172 506 4177 ·—
534 4144 571 4192 13.
592 4145 808 4207 purrisshnetpre
827 4143 859 4196 ll.
914 4145 1104 4194 irnunuitatem
1123 4146 1155 4198 ‘ll-
1214 4152 1288 4196 tutus

149 4212 200 4259 fuit
219 4212 251 4263 ll.
284 4213 432 4260 inritt‘ort.
453 4239 484 4246 -
505 4210 544 4259 li.
565 4210 667 4260 servitii
688 4210 720 4263 ll.
776 4212 972 4276 repetiuerant.
991 4240 1024 4247 —
1047 4211 1083 4262 Ιῖ).
1105 4215 1240 4276 egendum
1253 4214 1286 4269 Β.

149 4281 263 4328 οηιιτίιιιιι
282 4280 315 4331 ll.
341 4307 373 4312 —
400 4279 437 4326 tn.
457 4279 518 4327 illos
537 4279 569 4330 ll.
607 4278 680 4326 illum
701 4279 769 4327 t'orh
796 4306 826 4313 —
854 4278 891 4328 li.
912 4282 1030 4344 alteratis
1050 4297 1098 4346 per
1116 4282 1236 4333 taedium
1254 4310 1287 4319 —

148 4373 180 4380 —-
199 4373 230 4380 —-
249 4347 400 4408 tyrannidis
420 4362 480 4394 esse
500 4362 560 4394 eum
580 4362 628 4409 per
647 4345 736 4394 ueeltm
757 4349 825 4394 (hrt.
856 4375 884 4382 -
919 4347 958 4398 tn.
983 4348 1063 4403 utlil.
1100 4344 1286 4401 111100ήῖ-

147 4413 189 4462 20.
211 4416 337 4463 aestimet
356 4415 387 4466 il.
426 4414 539 4463 extimet
561 4416 620 4463 Vnt.
640 4413 663 4462 2.
702 4414 846 4465 existumet
862 4416 931 4468 (hrt.
