2768 5010
419 378 645 426 rrrsronrsnvu
670 378 732 424 rna.
758 376 796 423 nr
819 364 923 427 5-7.
1195 355 1236 423 63

96 548 211 592 srrmrno
235 532 379 592 Antonius
409 539 437 592 et
466 533 540 592 inira
564 532 661 593 serila
685 532 798 592 Sertori
818 529 951 591 Versius:
981 537 1009 591 et
1035 526 1108 591 alter
1139 527 1235 591 scriba

99 633 252 693 Maecenas
268 636 295 693 in
314 636 371 694 iuro
387 633 500 693 aredius
522 613 598 693 iuter
614 633 797 711 'tarquinum
820 640 848 692 ct
873 633 1023 693 dominum
1040 631 1235 708 Perpennam.

181 753 259 804 llaec
275 752 307 800 de.
320 768 406 800 coena
417 752 492 801 dicta
506 752 604 812 irrisae,
621 753 693 800 iuter
708 767 789 815 (param
800 753 936 802 Sertorius
953 768 978 800 a.
995 751 1026 799 72
1039 751 1130 800 Oscae
1144 767 1160 799 a
1171 752 1236 800 Per·

97 835 189 884 penna
208 821 320 883 eiusque
339 820 420 868 sociis
440 821 547 869 occisus
566 826 616 879 est,
628 820 816 869 certissunnrm
828 825 877 868 est.
909 818 966 868 cfr.
981 819 1073 867 Drum.
1087 819 1124 868 IV
1136 835 1161 883 p.
1176 816 1235 868 374.

96 889 224 944 lionoris.¹
233 888 270 936 111
284 905 309 951 p.
321 886 362 935 31.
388 887 493 935 Adtulit
505 892 595 936 autern
608 902 642 935 ea
654 889 729 936 Serv.
744 887 777 936 ad
791 887 858 936 Aen.
869 887 881 935 l
891 884 941 935 698
950 891 980 935 ut
991 886 1103 935 doceret
1113 887 1141 934 iu
1151 886 1235 935 tricli-

97 956 142 1003 nio
155 955 272 1003 niedinnr
293 955 388 1009 locuni.
410 956 473 1018 quia
491 955 593 1003 domini
607 955 679 1018 apud
693 955 810 1018 rumores
824 954 929 1014 luisset,
948 953 1175 1002 lroncstissumnrn
1186 953 1235 1003 ha-

96 1023 192 1070 biturn.
225 1023 278 1070 Pro
296 1025 373 1085 ipitur
387 1021 477 1071 (luell'.
492 1023 517 1071 ll
529 1023 593 1079 ideo,
612 1029 668 1070 turn
679 1037 846 1086 praenomen
860 1021 943 1070 Fabii
960 1021 1038 1070 Titius
1050 1022 1082 1082 L,
1106 1021 1195 1069 lireiru
1213 1022 1237 1070 R

98 1090 188 1138 (laeli.
202 1090 235 1142 11.
250 1097 385 1154 postremo
399 1092 464 1138 inter·
476 1091 615 1155 arquinium
628 1097 653 1139 et
666 1092 761 1138 domrun
775 1091 925 1154 Perpennae
939 1090 961 1136 L
974 1089 1005 1138 R.
1020 1089 1082 1138 Vos.
1097 1088 1188 1138 (luoll.
1200 1089 1234 1138 11.

98 1156 189 1205 Grrelf.
209 1157 221 1204 I
240 1173 344 1205 orunenr
365 1157 452 1205 locum
472 1157 571 1206 omisit.
608 1156 720 1205 L'lturna
739 1156 824 1206 verbs
843 1157 1057 1205 conmemoravit
1070 1156 1153 1205 etiam
1166 1156 1234 1205 Non.

96 1241 122 1288 p.
146 1224 201 1285 lita,
221 1240 272 1288 quo
291 1225 427 1273 dornirruur
447 1241 506 1273 esse
521 1224 563 1272 cui
577 1225 726 1273 serviretur
738 1224 903 1274 ostenderet.
933 1224 975 1272 Ibi
989 1224 1065 1273 libri:
1085 1226 1161 1273 alteri
1170 1226 1234 1273 scri-

96 1292 151 1340 bam
168 1299 193 1340 et
211 1308 296 1341 cenas.
328 1293 423 1341 Omnis
436 1292 511 1342 loeus
529 1292 685 1341 iamdudum
697 1292 845 1342 seeundum
860 1292 972 1342 aliorum
985 1292 1146 1356 scriptoram
1159 1293 1235 1341 teati-

96 1360 187 1408 rnoniu
206 1360 365 1409 enreudatns
385 1365 435 1408 est.

182 1494 225 1554 *ὁ
250 1494 309 1574 [llr.
326 1502 350 1552 5.
375 1500 404 1552 tl.
423 1493 479 1574 19].
524 1476 561 1554 Et
583 1496 766 1572 Perpennam
795 1495 870 1556 lorte
894 1497 1044 1574 cognoscit
1071 1494 1160 1557 mulio
1189 1514 1236 1557 re·

97 1596 266 1673 clernptoris,

181 1715 295 1778 Propter
312 1716 484 1778 redemptoris
502 1713 665 1763 vocabulum
688 1714 784 1764 adlata
807 1721 873 1764 sunt
893 1715 965 1765 lraec
985 1716 1071 1778 verba
1090 1717 1124 1765 ab
1144 1716 1235 1767 Schol.

97 1782 132 1830 ad
150 1782 216 1830 llor.
236 1782 324 1846 Epist.
349 1783 375 1831 11
397 1784 428 1842 2,
453 1783 494 1831 7⁶2.
525 1782 678 1831 Seerrndum
703 1798 737 1833 ea
761 1797 832 1846 quae
855 1785 923 1849 App.
944 1783 970 1832 b.
991 1801 1014 1831 e.
1038 1781 1119 1833 1115
1142 1801 1167 1848 p.
1187 1786 1237 1835 530

97 1848 186 1898 llekk.
206 1850 240 1897 de
258 1850 421 1913 Perpennae
441 1841 660 1915 fflprelrensiona
679 1850 825 1899 memoriae
844 1850 974 1916 prodidit,
994 1851 1113 1921 dubitari
1132 1853 1236 1916 nequit,

74 1931 77 1935 ·
97 1919 161 1981 quin
171 1917 205 1966 ad
216 1932 276 1965 earn
287 1933 343 1966 rem
353 1918 542 1982 spectaverint
552 1933 666 1982 earnqne
677 1917 712 1967 ab
726 1932 850 1966 caussam
861 1916 930 1966 libro
940 1918 979 1966 lll
992 1917 1163 1983 adsignanda
1172 1919 1235 1968 sint.

183 2053 201 2112 6
226 2051 285 2131 [lir.
301 2061 325 2110 7.
349 2056 378 2109 o.
396 2051 455 2131 83].
497 2053 582 2112 Parte
599 2060 771 2130 consumpta
796 2051 905 2113 relicua
922 2052 1098 2113 cadaverum
1113 2053 1149 2114 ad
1172 2054 1235 2115 diu-

97 2155 243 2213 turnitatis
267 2172 351 2213 usunr
368 2152 514 2214 sallerent.

181 2272 267 2320 Prisc.
286 2272 355 2336 xp.
375 2270 438 2320 546:
458 2269 591 2335 (Sisenna)
610 2288 626 2321 a
645 2274 742 2322 ‘sallia'
763 2272 956 2323 ‘saliendum'
974 2273 1049 2329 dimit,
1069 2289 1119 2322 non
1137 2276 1236 2323 ‘sallen-

97 2341 201 2388 darum'.
238 2342 372 2389 Sallustius
393 2356 453 2388 cero
478 2343 502 2387 in
521 2341 563 2389 111
587 2341 762 2389 distortarum:
790 2346 867 2404 parte
886 2365 919 2374 -
937 2340 1070 2390 callerent
1089 2343 1235 2390 ‘callerent'

96 2408 163 2456 (linit
182 2424 198 2455 a
217 2410 313 2463 ‘sallo',
333 2423 382 2456 aon
401 2424 417 2455 a
436 2409 537 2456 ‘salliot
585 2406 708 2456 Diomed.
728 2424 754 2472 p.
774 2408 836 2457 375:
860 2409 909 2456 sed
929 2415 1028 2456 veteres
1051 2407 1236 2472 ambipuitatem

96 2478 276 2538 appellationis
293 2479 400 2523 uitantes
423 2481 448 2523 et
466 2480 608 2538 onaiopiam
628 2481 762 2540 sequentes
781 2479 892 2525 ‘saltitem
909 2479 973 2524 sum‘
996 2477 1118 2525 dicerunt
1135 2493 1152 2525 a
1165 2482 1237 2541 pore

95 2544 162 2590 tione
182 2545 269 2591 ‘sallo'
288 2558 337 2592 non
357 2544 463 2601 'sallr'o'‚
489 2549 515 2590 ut
533 2544 668 2591 Sallustius
686 2543 846 2592 tentoriarum
865 2549 957 2608 quarto
976 2547 1011 2591 uit
1030 2543 1134 2592 relicua
1153 2544 1235 2594 cada-

96 2625 163 2658 vera
182 2610 215 2658 ad
234 2609 439 2658 diuturnitatem
453 2624 516 2658 usus
532 2610 641 2658 sollcre.
660 2637 693 2645 —
711 2611 777 2659 Rern
792 2609 919 2659 inlustrat
932 2615 1075 2674 excerptor
1088 2611 1147 2660 Val.
1160 2612 1234 2661 Max.

96 2678 146 2725 Vll
165 2676 190 2733 d,
209 2676 241 2724 3:
262 2678 359 2726 Horum
378 2684 472 2726 trucem
488 2680 655 2740 pertinaciam
673 2681 699 2726 in
717 2680 839 2726 consimili
852 2678 971 2739 facinore
986 2678 1236 2742 &lnpumttnnorum

96 2745 248 2793 erecrudiltr
266 2745 381 2807 irapieias
397 2760 566 2808 superpressu
583 2752 630 2794 est.
667 2743 716 2804 Qui
732 2762 780 2810 puo
796 2747 1002 2808 perseuerantius
1020 2750 1165 2810 interempti
1175 2746 1236 2796 Ser·

94 2817 157 2862 lorii
173 2812 299 2860 cineribus
316 2813 468 2862 obsidionem
484 2814 641 2873 lrrrstrautes
650 2815 726 2874 sideru
736 2819 911 2876 praestarent,
930 2817 989 2879 quia
1007 2818 1095 2862 nultum
1107 2819 1155 2862 iarn
1168 2816 1238 2864 aliud

95 2881 120 2926 in
139 2880 199 2927 urbe
218 2896 301 2928 corum
320 2887 455 2943 supererat
475 2883 574 2935 urrirual,
593 2895 689 2929 remores
706 2896 765 2928 serus
784 2887 905 2946 natosque
923 2882 960 2929 ad
975 2896 1042 2929 aaron
1060 2882 1176 2943 nefariae
1189 2884 1235 2937 du-

94 2950 135 3009 pir
153 2954 288 2999 aurierunt.
309 2964 406 3012 quoque
419 2949 511 2996 ‹tirctius
530 2955 629 2995 ornante
646 2954 759 2996 iuventus
777 2951 876 2996 uiscera
892 2965 940 2996 sua
956 2948 1095 2997 incertius
1112 2956 1165 2998 auia
1182 2953 1235 2999 ale-

95 3023 160 3067 rent.
180 3016 336 3073 infelices
354 3017 545 3064 cadauerum
564 3016 723 3080 reliquias
739 3018 855 3064 sallire
880 3031 929 3064 nou
948 3016 1081 3071 dubitauit.
1106 3018 1177 3066 unde
1201 3018 1235 3066 si·

96 3083 148 3130 und
168 3083 252 3131 rerba
273 3085 299 3130 iu
318 3083 452 3132 Prisciani
471 3082 548 3131 libris
567 3084 668 3131 rectius
687 3097 768 3146 quam
786 3083 813 3130 in
827 3083 968 3132 Diomedis
987 3083 1089 3134 tradita
1108 3101 1168 3134 esse
1189 3085 1235 3135 ad·

95 3156 183 3213 paret.

180 3272 198 3328 'r'
225 3268 284 3348 [lic.
300 3278 324 3326 o.
349 3274 377 3326 it.
398 3268 451 3348 ll]¹
490 3271 540 3329 Set
555 3270 741 3349 l'onrpeiosa
766 3271 860 3347 prima
883 3268 1078 3329 adulescentia
1099 3288 1235 3330 sermone

96 3371 241 3429 lautorum
264 3370 387 3429 siurileru
416 3371 477 3429 lore
506 3389 537 3430 so
567 3369 691 3430 eredens
714 3369 880 3430 Alexandro
907 3372 969 3448 regi
992 3372 1065 3431 lacta
1090 3372 1235 3432 consulta·

95 3490 151 3548 epu·
175 3474 237 3530 eius
257 3472 373 3549 quidem
396 3470 557 3531 aemulator
579 3477 651 3530 erat.

179 3590 246 3637 Nou.
266 3606 291 3654 p.
315 3590 361 3637 nra
380 3590 452 3638 lrnue
470 3590 559 3638 locoru
583 3605 604 3638 s.
630 3589 757 3638 lemmate
782 3594 891 3639 aerardus
913 3597 952 3639 est
969 3597 1083 3639 sectator
1099 3593 1139 3639 ael
1155 3593 1235 3640 inrita·

94 3665 136 3706 tor·
155 3657 261 3722 adtulit,
280 3658 341 3704 lilrri
361 3674 425 3706 rerer
444 3662 580 3707 aernulatus
599 3665 655 3706 erut
675 3657 814 3705 exhibent.
844 3658 911 3706 Τιιιιι
932 3659 1004 3722 apud
1017 3658 1170 3722 eundernp.
1184 3657 1234 3708 342
1261 3699 1264 3706 .

95 3726 144 3772 sub
169 3725 296 3773 lenrurnte
321 3728 477 3775 accrasrrtr‘aus
497 3742 546 3789 pro
564 3728 678 3788 penetino
701 3725 788 3788 prirua
811 3726 897 3774 verba
919 3741 1004 3788 usque
1029 3726 1063 3774 ad
1082 3727 1234 3777 Alexandro

93 3795 151 3855 repr’
168 3793 256 3856 posita
276 3800 345 3841 suni.
383 3794 449 3841 l'rrru
469 3795 552 3855 igitur
569 3793 671 3841 Nouius
688 3793 780 3856 priore
798 3792 858 3841 loco
881 3793 916 3841 ob
934 3792 1134 3842 sulrstantivum
1153 3810 1234 3842 acrau-

93 3865 131 3908 lus
150 3860 217 3908 lutee
238 3862 322 3909 rerlrn
341 3861 594 3921 conruenroraverit,
610 3860 697 3908 altero
715 3860 774 3908 loco
793 3858 882 3908 nullus
895 3861 1039 3922 certativos
1056 3875 1104 3924 pro
1123 3875 1235 3910 aecusa-

94 3930 150 3976 tivo
164 3929 325 3988 inveniatur,
342 3945 406 3991 ergo
420 3929 524 3977 relicua
537 3928 622 3977 verba
636 3928 769 3976 excidisse
784 3927 843 3976 luce
856 3927 956 3976 clarius
969 3927 1012 3986 sit,
1029 3928 1151 3991 plerique
1164 3929 1235 3992 prlo-

95 4011 138 4042 res
158 3996 276 4044 editores
299 4001 407 4045 acriculus
428 4003 485 4045 erat
509 3997 653 4060 scripsere.
691 3995 947 4055 Contrariorum,
971 3997 1143 4059 grarrnnatici
1169 3996 1232 4045 leru-

94 4064 175 4112 ruatis
193 4063 259 4111 nilril
279 4065 449 4112 trilnreudum
470 4080 530 4112 cisse
550 4064 689 4118 dictitans.
709 4066 847 4112 aemulatus
864 4069 921 4112 erat
940 4064 1047 4127 recepit
1069 4063 1148 4126 eique
1168 4064 1235 4112 (ier-

94 4130 200 4178 laclriua
220 4132 365 4180 obsecutus
385 4139 435 4180 est.
473 4133 560 4192 eranr
581 4131 726 4180 audaciam
745 4131 828 4179 etiarn
847 4131 987 4195 superavit
1006 4132 1135 4193 ll'agner.
1155 4131 1187 4179 Α.
1206 4147 1235 4194 g.

94 4198 131 4245 lx
151 4215 175 4261 p.
199 4198 245 4245 luo
267 4201 337 4247 dieta
359 4204 522 4263 consultaque
546 4215 599 4260 eum
623 4205 835 4247 aemulaturerat
854 4198 968 4247 rescribi
987 4196 1093 4246 iubens.
1135 4199 1170 4245 At
1190 4213 1236 4248 au·

93 4265 188 4314 clarius
208 4267 314 4314 ridetur
334 4273 437 4314 tantam
458 4266 644 4315 eoususiorrcru
664 4283 697 4315 ac
715 4266 948 4331 perturbationem
967 4265 1036 4313 bono
1055 4266 1235 4327 grumnratico

92 4334 238 4395 inponere,
260 4350 318 4382 curu
339 4335 499 4398 praesertim
520 4334 607 4381 altero
626 4334 684 4382 loeo
703 4334 789 4382 verba
807 4334 854 4382 illu
872 4333 945 4382 nullo
964 4333 1042 4382 rrrodo
1062 4334 1171 4382 acllcrre
1191 4350 1236 4398 po·

92 4401 185 4460 tuerit,
205 4404 227 4449 si
247 4407 358 4450 aeruulor·
376 4403 404 4450 in
423 4403 463 4450 eis
483 4402 546 4457 l'nit.;
567 4407 609 4450 set
627 4403 651 4450 ui
669 4407 778 4450 actardus·
796 4408 852 4449 erat
870 4402 1001 4466 scripturn
1020 4401 1082 4461 tuit,
1102 4401 1197 4451 mirum
1208 4401 1237 4453 id
