2768 5010
150 366 191 430 ³8
388 384 392 390 ’
476 387 701 431 ursromaavu
724 391 786 456 ars.
809 389 834 430 11
856 379 900 432 tt.
920 381 966 437 23.

151 539 238 589 verba
257 539 374 587 fortasse
395 544 459 587 ante
481 537 511 587 18
530 546 557 588 et
578 538 608 588 to
631 539 766 603 ponenda.
808 540 856 588 Set
879 539 999 588 obtentio
1025 542 1053 587 in
1078 541 1200 596 intectae,
1226 538 1296 603 quod

152 606 316 657 vocabulum
335 607 374 654 sie
394 607 495 655 (lictum
515 622 647 669 nusquam
667 608 731 671 lagu
755 623 863 672 semper
877 608 947 655 enim
963 615 1005 656 est
1018 613 1065 654 ant
1078 611 1237 669 tegumento
1250 623 1294 655 ea-

154 689 225 735 rens,
245 681 292 722 aut
310 680 408 738 pratens
427 679 455 722 et
474 680 593 739 apertus.
629 675 672 723 An
689 676 774 740 igitur
791 679 846 723 siue
864 677 938 723 laetis
956 675 1148 723 seribundum‘?

239 807 307 867 *22
331 808 391 888 [tir.
408 815 449 865 28,
471 814 500 865 u.
516 808 574 888 56].
616 810 689 868 Cum
711 809 822 869 Charis.
848 827 876 887 p.
905 809 962 869 113
987 809 1060 868 liare
1082 809 1205 868 srribat:
1225 811 1296 868 ‘Sa-

149 908 356 986 auutiuorum’
382 907 505 987 Coelius,
530 910 702 985 Sagunturm
720 911 887 982 Sallustius,
909 922 941 970 ut
956 913 1068 970 I'aulus
1089 913 1118 969 ιἰι
1136 911 1228 970 Caelii
1246 912 1296 969 1η·-

131 1016 244 1074 .storia
270 1013 320 1071 lib.
345 1010 355 1070 l
384 1020 480 1088 notat,
508 1011 589 1070 trullo
617 1009 682 1070 loeo
712 1014 808 1089 aptius
839 1011 991 1071 ridebatur
1019 1012 1075 1071 boc
1101 1010 1296 1088 fragmentum

153 1115 222 1192 poni
244 1132 339 1191 posse,
359 1132 447 1191 ipram
469 1115 601 1190 proxime
631 1133 646 1173 a
667 1114 871 1190 praecellente.

240 1262 304 1322 *23
329 1266 389 1343 [tir.
407 1273 448 1320 itt.
473 1267 502 1320 G.
517 1264 574 1344 51].
610 1264 646 1322 At
660 1263 793 1324 bl‘etellus
808 1267 836 1324 in
857 1262 1027 1324 ulteriorem
1044 1263 1211 1341 Hispaniam
1231 1273 1296 1342 post
1318 1273 1327 1321 t

154 1386 264 1427 annum
294 1383 448 1443 regressus
475 1383 579 1440 taragna
612 1364 702 1441 gloria
732 1365 977 1443 raneurreutihus
1007 1365 1135 1443 iriiilirpve
1163 1365 1244 1424 virile
1269 1374 1297 1425 et

156 1468 300 1528 muliebre
316 1484 401 1526 seeus
417 1484 470 1543 per
490 1468 548 1524 vias
567 1486 601 1525 ae
621 1473 695 1526 teeta
712 1467 849 1526 munibus
864 1465 1019 1527 visebatur.
1063 1466 1137 1526 Eum
1160 1472 1297 1543 quaestor
1316 1476 1330 1520 ι)

156 1571 190 1627 G.
212 1568 341 1629 Urbinas
363 1560 469 1644 aliique
492 1569 606 1643 eogrvita
634 1567 779 1626 voluntate
803 1586 869 1627 erran
893 1568 930 1626 aul
953 1587 1074 1627 coenam
1098 1568 1297 1635 inritaverant,

67 1656 74 1665 ⁸
135 1668 232 1730 nultra
256 1668 457 1728 ltmnanorum
479 1688 512 1728 ae
536 1667 702 1728 mortalium
725 1669 812 1727 etiam
841 1687 954 1728 morem
979 1668 1122 1728 curabant
1151 1651 1299 1727 exornatis

155 1769 277 1831 aedibus
299 1786 352 1846 per
372 1769 472 1829 aivlaea
496 1779 525 1829 et
542 1771 622 1846 signa
646 1771 800 1847 scenisque
822 1770 858 1829 ati
879 1770 1101 1828 ostentationem
1123 1769 1297 1828 lvistrionmn

240 1888 338 1936 Totum
357 1887 407 1936 boe
427 1887 610 1951 fragmentum
630 1892 708 1935 extat
721 1903 764 1950 ap.
779 1887 901 1935 Macrob.
917 1887 974 1935 Sat.
989 1887 1016 1935 11
1027 1885 1051 1945 11,
1071 1886 1118 1934 ubi
1137 1885 1208 1940 haee
1219 1902 1297 1949 prae-

155 1957 240 2006 missa
259 1961 334 2003 sunt:
359 1955 432 2017 Erpa
450 1956 496 2003 bor
513 1957 694 2018 praetermisso
713 1957 748 2002 ari
765 1956 832 2002 uiros
850 1947 921 2003 renio
939 1955 1114 2017 triumphales.
1139 1969 1201 2018 piros
1223 1957 1299 2002 rietu-

155 2039 198 2074 rea
219 2025 338 2095 rentium·
350 2025 453 2072 triscuria
476 2027 545 2078 irieil,
568 2029 593 2070 et
617 2029 643 2069 ut
666 2028 764 2070 tuream
790 2022 929 2085 Grarpbern,
959 2039 975 2068 a
999 2025 1120 2070 deuorato
1144 2023 1297 2083 patrimonio

155 2095 363 2154 aopaomiaatum,
386 2091 445 2154 qreiu
462 2089 600 2153 iusipnibus
618 2092 717 2137 uirtutis
734 2095 836 2137 seraitae
855 2091 914 2137 uitia
932 2091 1051 2152 primoris
1069 2090 1238 2152 compensarit
1257 2104 1299 2136 ae·

105 2161 110 2174 “
155 2160 225 2217 tatis,
246 2158 363 2206 alletellas
383 2158 443 2205 Pius
466 2163 490 2204 in
514 2173 586 2220 quam
607 2159 706 2217 foveam
729 2159 848 2205 titulatae
871 2163 896 2204 et
913 2155 1048 2218 superbiae
1066 2170 1222 2204 successuum
1239 2171 1298 2204 eou-

155 2227 295 2274 rtnuutoue
312 2226 445 2288 pertenit?
481 2223 565 2274 Et,ne
583 2228 664 2272 miultis
681 2239 777 2279 morer,
797 2225 853 2284 ipsa
872 2225 904 2272 de
922 2239 952 2271 ro
971 2222 1085 2271 Sallustii
1102 2222 1179 2271 uerba
1196 2222 1298 2271 subieri.

155 2291 259 2341 Eadem
279 2291 416 2356 expressit
434 2290 597 2339 Plutarchus
615 2290 687 2339 Sert.
707 2308 730 2338 e.
750 2285 867 2339 '22:¹⁴En
887 2283 918 2339 at
938 2282 1056 2354 νικήσας
1074 2283 1142 2339 ποτὲ
1160 2285 1237 2354 μα’χῃ
1249 2282 1299 2338 τὸν
1355 2282 1360 2292 ’

156 2350 317 2422 Σερτώριον
335 2346 425 2414 οὕτως
444 2348 560 2422 ἐπήρθη
579 2354 628 2406 καὶ
647 2349 699 2422 τὴν
718 2347 855 2421 εὐτυχίαν
874 2348 1021 2422 ἠγάπησεν
1032 2349 1102 2406 οἷστε
1116 2346 1297 2418 αὐτοκράτωρ

155 2415 406 2490 ἀναγορευθῆναι,
431 2424 549 2482 θυσίαις
574 2415 605 2473 δ’
623 2415 713 2473 αυίὁν
735 2418 769 2473 αἴ
790 2417 886 2482 πόλεις
910 2416 1101 2487 ἐπιφοιτῶντα
1125 2419 1175 2473 καὶ
1193 2422 1297 2488 βωμοῖς

156 2484 296 2557 ἐδέχοντο.
335 2486 455 2555 Λέγεται
475 2485 506 2540 ot
525 2488 574 2541 καὶ
593 2484 742 2556 στεφάνων
761 2483 912 2549 α’ναὸἐσὶις
925 2491 1096 2554 προσίεσθαι
1109 2487 1159 2540 καὶ
1172 2489 1298 2540 δείπνων

155 2554 357 2624 σοβαρωτέρων
374 2551 530 2640 ὑποδοχάς,
550 2551 582 2608 ἐν
599 2554 643 2616 οἷς
663 2551 772 2624 ἐσθῆτα
791 2552 972 2623 θριαμβικὴν
992 2553 1063 2623 ἔχων
1083 2552 1162 2608 ἔπινε
1180 2553 1230 2607 καί
1244 2557 1296 2606 Νῖ-

156 2643 205 2677 και
223 2619 414 2690 πεποιημέναι
434 2625 462 2675 ὃι
494 2617 623 2690 ὀργάνων
641 2618 805 2691 ἐπιδρόμων
823 2619 927 2691 χρύσεα
939 2617 1063 2689 τρόπαια
1076 2623 1124 2674 καὶ
1138 2617 1297 2688 στεφάνους

157 2687 350 2768 διαφέρορσαι
374 2687 530 2761 κατήγοντο
560 2689 609 2742 καὶ
640 2693 718 2758 χοροὶ
746 2691 859 2743 παίδων
889 2689 937 2742 κα1
968 2692 1112 2757 γυναικών
1137 2684 1297 2749 ἐπινικίους

155 2749 263 2825 ὕμνους
284 2759 354 2824 prior
372 2755 413 2817 είς
432 2752 528 2810 αὐτόν.
561 2761 628 2808 Cum
646 2777 711 2809 voro
731 2778 763 2809 ex
776 2762 845 2826 App.
860 2761 885 2809 b.
901 2777 924 2809 a.
938 2760 951 2808 Ι
965 2759 1021 2820 111,
1041 2761 1101 2809 Liv.
1115 2761 1189 2824 Epit.
1204 2759 1294 2808 xctll

157 2834 314 2891 conpertum
334 2828 646 2877 babeamus-Metellum
664 2828 781 2877 hiemem
801 2843 826 2877 a.
846 2827 879 2874 74
898 2826 978 2889 (680)
998 2828 1025 2876 in
1044 2827 1174 2876 ulteriore
1193 2826 1294 2890 Hispa·

155 2896 204 2944 uia
219 2895 395 2956 transegisse,
411 2896 560 2959 (ptenarium,
581 2910 671 2944 aimon
685 2895 817 2960 conplura
830 2895 986 2959 fragmenta
1000 2911 1032 2944 ex
1046 2896 1094 2952 eis,
1114 2909 1185 2959 qnae
1198 2900 1296 2958 postea

154 2963 314 3022 recenseam
334 2962 385 3010 boe
404 2964 615 3027 praecesserint.

240 3081 262 3127 Τ
266 3096 323 3128 nsr.
345 3096 402 3129 seu.
443 3079 525 3128 1-3.
554 3082 622 3129 Non.
643 3097 668 3144 p.
693 3080 752 3128 tat:
782 3081 861 3129 Serus
879 3082 1009 3128 uruseuliui
1024 3082 1127 3142 penaria
1144 3094 1200 3128 esse
1218 3080 1296 3127 inarti-

152 3149 243 3210 sestuur
261 3155 307 3195 est.
345 3149 442 3197 .¹l'eutr·a
461 3149 595 3196 Sallustius
614 3150 680 3197 atra
695 3150 867 3206 Historiarum
881 3147 922 3195 lib.
936 3148 975 3196 11:
996 3154 1025 3195 nt
1038 3146 1167 3195 Metellus
1186 3146 1214 3195 iu
1227 3146 1296 3194 ulte-

155 3216 253 3264 riorem
278 3216 443 3279 Hispaniam
468 3223 528 3279 post
553 3229 652 3263 anntun
677 3230 818 3279 regressus
842 3230 943 3279 magna
966 3214 1055 3273 gloria
1075 3215 1295 3263 cortem-rentium

155 3283 274 3346 undique
298 3282 379 3331 virile
404 3290 431 3331 et
454 3282 587 3331 muliebre
613 3298 692 3331 secus
715 3298 764 3346 per
785 3284 846 3330 vias
865 3287 893 3330 et
911 3286 986 3329 terta
1006 3282 1124 3329 <inanium
1143 3282 1294 3329 visebatur.

105 3345 111 3356 ⁹
154 3377 187 3384 —-
206 3349 311 3399 Charis.
333 3367 357 3413 p.
377 3350 423 3397 ab:
444 3351 522 3399 Serus
541 3354 625 3398 arrrtri
640 3352 742 3412 irretiaris
760 3357 797 3397 est
816 3365 916 3402 nomen.
935 3351 1000 3397 irride
1019 3355 1043 3397 et
1062 3347 1196 3396 Sallustius
1214 3348 1296 3396 virile

155 3433 234 3467 serus
253 3420 326 3474 ararit,
346 3418 393 3465 boe
410 3424 448 3465 est
466 3419 545 3467 uirilis
562 3433 652 3472 sextis,
678 3420 745 3481 quari
764 3433 814 3480 prr
836 3432 920 3465 orares
943 3432 1016 3464 rastis
1034 3418 1134 3477 iatrpra
1148 3417 1234 3477 fornia
1252 3417 1296 3463 rle-

154 3489 271 3537 alluatur.
292 3512 323 3518 —
342 3484 446 3533 Probus
464 3502 491 3549 p.
508 3484 567 3532 121:
589 3484 683 3532 ‘Serus'
703 3487 766 3533 (liras
779 3501 821 3532 ras
832 3485 966 3548 signifieat,
981 3482 1123 3532 atvertum
1141 3485 1295 3545 separandi:

155 3553 246 3602 ‘lluud
261 3568 333 3601 serus
352 3569 381 3599 ur
400 3557 462 3602 irrasi
475 3554 585 3613 sariunt*
605 3559 629 3600 rt
641 3568 738 3602 servan.
752 3552 900 3600 Sallustius:
919 3550 1003 3600 virile
1013 3567 1045 3599 aa
1059 3549 1192 3598 muliebre
1206 3565 1295 3597 serus.

240 3721 308 3768 Van.
330 3736 388 3769 sen.
419 3721 447 3767 a:
464 3721 547 3768 It'ritz.
561 3727 585 3767 el
600 3721 667 3769 Gari.
681 3721 830 3773 ediderunt:
849 3734 949 3782 magna
967 3717 1056 3784 glovia
1074 3719 1296 3766 concurrentium

154 3814 185 3823 -
206 3789 337 3848 omnium,
362 3792 387 3836 iu
406 3804 454 3852 quo
473 3795 496 3836 et
516 3787 604 3851 gloria
622 3789 761 3836 insolenter
783 3789 874 3835 dietum
898 3788 929 3835 de
947 3787 1063 3848 officiosa
1081 3785 1184 3853 lionoris
1201 3788 1296 3847 siarrifi-

155 3861 253 3903 ratirme
272 3857 386 3917 obfundit
405 3863 429 3903 rt
449 3855 567 3903 ormrium
585 3861 622 3903 ita
640 3857 710 3903 uirnis
728 3861 856 3903 remotum.
894 3853 948 3913 Qua
965 3869 994 3902 re
1012 3869 1064 3900 earn
1084 3853 1204 3901 llam-ott
1220 3855 1294 3903 eorlrl.

156 3922 381 3971 eoru-urrentilms
400 3921 536 3971 rebiberint
555 3923 601 3971 boe
619 3924 790 3982 recipiundum
814 3928 838 3970 et
858 3921 982 3970 onrnibus
1004 3921 1182 3969 οιιισιιιίιιιιιίιιιιι
1200 3926 1295 3983 putari.

156 3993 184 4038 el
203 3989 287 4038 itaer.
307 3989 374 4037 libri.
407 4006 439 4038 aa
458 3990 536 4037 I'rob.
562 4017 588 4023 —-
619 3988 642 4037 3.
668 3990 736 4037 Eum
756 3989 841 4038 lluer.
860 3989 926 4036 libri.
964 3989 1050 4048 Qttom
1071 3989 1138 4037 (ieri.
1159 3992 1191 4035 al.
1218 4014 1249 4020 -
1270 3988 1294 4035 l.

156 4071 216 4105 curn
241 4057 274 4105 ael
300 4057 383 4104 itaer.
409 4056 475 4104 libri.
519 4073 579 4105 enm
604 4057 638 4105 nil
669 4058 737 4106 (ieri.
760 4061 795 4104 al.
854 4054 1047 4104 invitavisseut
1069 4058 1108 4103 rel
1130 4049 1296 4103 invitassent

155 4123 240 4172 Marr.
260 4123 325 4171 libri.
362 4124 408 4171 Set
427 4131 495 4173 reete
514 4130 561 4172 ianr
580 4124 611 4172 ab
630 4123 770 4172 editoribus
788 4124 942 4172 errrerulatum
956 4129 993 4170 ast
1011 4122 1206 4170 invitaverant.
1240 4123 1295 4169 (bem

154 4194 217 4239 enim
236 4193 267 4238 tle
286 4208 314 4238 re
338 4208 386 4239 nou
410 4195 487 4240 arbre!
507 4199 545 4239 sat
569 4195 650 4239 rrrrrltis
673 4191 825 4253 teruporibus
845 4193 919 4253 faeta
937 4191 1037 4238 dieatur
1055 4192 1140 4253 utique
1157 4190 1297 4253 requiritur

155 4260 304 4305 imltratinus
321 4265 344 4306 et
364 4263 400 4306 ita
418 4261 511 4306 danuam
529 4265 599 4306 reete
618 4260 699 4306 dietus
717 4265 754 4306 est
772 4261 909 4318 sirrputrrris
928 4256 962 4304 atl
977 4271 1100 4314 elianam,
1121 4258 1196 4305 aliter
1208 4260 1296 4318 pbuu-

154 4326 184 4371 tir
202 4326 351 4389 requiritur.
377 4352 409 4360 -
432 4326 456 4374 b.
477 4341 509 4374 ue
530 4325 613 4374 Jiurr.
633 4326 704 4383 libri,
728 4328 792 4388 ualp.
813 4330 847 4372 et.
872 4350 906 4358 -
929 4322 953 4370 u.
973 4323 1095 4386 insignia
1114 4323 1180 4372 libri.
1216 4323 1296 4386 signu

157 4392 238 4441 Clare.
1111 4408 1113 4411 ·
