2768 5010
237 354 244 378 1

157 373 198 439 90
490 398 792 446 conunnrnrrennn
815 402 886 446 ese.
908 404 953 447 1v.

156 561 293 631 postrema
319 572 433 630 prorsus
462 557 557 633 primis
582 559 772 633 respondeant.
824 559 862 615 dd
895 577 964 634 quae
999 578 1059 618 eum
1083 561 1194 619 adsedet
1220 563 1294 638 quod

156 657 235 732 penei
256 659 425 716 novissumae
447 662 561 735 originis
590 668 617 718 et
644 662 669 717 ei
699 661 857 736 interpolati
888 662 951 719 libri
974 664 1019 721 illa
1042 664 1122 721 rerba
1145 664 1197 723 soli
1219 666 1294 723 exhi·

156 757 223 816 bent
249 768 276 818 et
297 780 331 819 ne
353 780 467 837 prorsus
491 765 599 838 quidem
613 763 685 821 inter
702 782 732 820 se
753 765 937 828 consentiunt,
961 784 1025 823 rtnrn
1044 767 1156 824 dubium
1178 767 1291 830 videtur.

156 878 187 919 ea
208 862 371 937 glossatoris
391 867 470 923 esse?
514 871 549 922 At
571 885 625 941 quo
646 868 728 924 modo
750 867 883 941 quispiam
907 869 1002 927 uldrici
1023 869 1122 944 potuit,
1145 877 1177 926 ut
1198 887 1230 926 en
1247 870 1293 926 ad·

156 964 304 1023 scriberet?
348 968 469 1032 Scilicet,
498 987 559 1025 curn
583 969 763 1025 intellexisset
793 970 827 1026 de
848 971 888 1028 eis
909 989 963 1028 nen
986 971 1053 1027 berre
1073 972 1207 1029 consultis
1229 972 1292 1035 diei,

156 1084 224 1141 quae
246 1087 407 1145 prosperum
431 1079 520 1127 tamen
542 1078 667 1128 eventum
690 1071 864 1136 habuissent,
886 1092 1044 1148 memorque
1072 1081 1145 1130 esset
1166 1074 1237 1130 inira
1257 1075 1292 1131 de

154 1171 308 1228 temeritate
327 1190 376 1247 per
391 1174 489 1229 lortem
511 1181 637 1230 courecta
659 1174 721 1237 dici,
744 1174 865 1231 lecturos
885 1176 918 1232 de
939 1194 970 1233 en
990 1194 1019 1232 re
1041 1176 1180 1234 admoneri
1195 1177 1290 1234 voluit.

238 1274 295 1347 lug.
315 1280 364 1337 92,
386 1281 402 1337 7
426 1294 480 1332 non
503 1276 601 1332 iniuria
622 1277 687 1332 mibi
716 1277 809 1332 videor
834 1278 914 1334 verba
940 1285 967 1335 ct
989 1281 1054 1335 olias
1074 1279 1293 1336 machinationi·

152 1376 205 1433 bus
227 1379 303 1435 uneis
322 1377 475 1436 seclusisse,
521 1378 588 1435 Nam
610 1379 727 1452 primum
752 1397 820 1452 quae
846 1381 954 1437 tandem
982 1388 1092 1456 praeter
1111 1382 1215 1445 uineas.
1243 1399 1292 1456 ag·

153 1494 241 1552 geres,
266 1481 349 1535 turris
374 1479 443 1537 aliae
464 1481 539 1537 luere
558 1481 705 1543 machinae,
728 1498 797 1555 quae
818 1483 851 1538 ad
873 1466 980 1540 moenia
1002 1484 1055 1542 loci
1072 1483 1222 1558 obpugnati
1244 1486 1292 1541 ad·

153 1584 344 1638 morerentur?
393 1583 460 1639 Turn
492 1601 555 1640 mim
583 1583 711 1640 credibile
740 1592 782 1640 est
810 1602 842 1639 es
869 1587 934 1641 uliis
958 1602 1022 1643 easu
1046 1586 1163 1659 quodam
1190 1586 1290 1644 laetum

152 1698 213 1741 csse
235 1685 269 1746 id,
294 1686 366 1758 qnod
389 1685 417 1741 in
439 1686 638 1742 vetustissumis
660 1685 737 1742 libris
755 1686 890 1744 inventum
912 1696 954 1745 est
976 1689 1058 1744 altis?
1083 1705 1174 1744 nrrnne
1196 1690 1290 1764 potius

153 1785 209 1842 veri
231 1787 318 1844 simile
334 1787 461 1862 quoniam
476 1806 590 1862 aggeres
608 1795 636 1843 et
656 1794 746 1845 turres
760 1788 794 1844 ab
808 1787 893 1846 vineis
909 1790 1123 1863 distinguuntur,
1139 1790 1289 1854 librarium,

153 1906 207 1963 quo
231 1889 256 1946 id
281 1898 397 1953 notaret.
419 1893 485 1947 altis
506 1891 765 1947 machinationibus
786 1891 983 1966 adscripsisse?

236 1992 335 2049 Contra
358 1992 392 2049 ab
414 2011 456 2049 me
477 1993 614 2068 inpetrare
637 2009 692 2049 nim
710 1993 797 2067 pomi,
821 2001 851 2049 ut
872 1994 930 2067 lug.
950 2000 991 2056 st,
1010 2002 1027 2054 5
1049 1994 1129 2051 rerba
1151 1995 1291 2052 Romanis

151 2093 333 2167 hostibusque
352 2113 412 2153 earm
435 2095 552 2153 Linkero
572 2094 688 2169 aliisque
710 2095 775 2151 viris
797 2095 883 2151 doctis
907 2114 958 2170 pro
980 2094 1145 2171 glossemate
1167 2097 1289 2154 habenda

150 2214 298 2261 censerem,
320 2217 376 2255 non
399 2217 453 2274 que
481 2200 520 2256 eis
541 2197 628 2255 careri
651 2214 733 2273 posse
758 2214 893 2271 negarem,
917 2206 958 2255 set
981 2198 1044 2272 quia
1065 2199 1089 2255 si
1110 2199 1290 2274 adiungeren-

152 2306 204 2363 tur,
228 2301 449 2375 perspicuitatem
471 2317 571 2374 augere
592 2299 760 2361 videbantur,
784 2300 944 2374 praesertim
966 2318 1026 2356 euni
1045 2301 1099 2369 bis,
1122 2302 1177 2357 ilb's
1192 2319 1289 2375 seque·

151 2409 242 2465 retur,
270 2419 319 2459 nee
344 2405 417 2476 quod
446 2403 473 2459 iu
500 2400 592 2476 paneis
616 2401 754 2458 Romanis
782 2400 911 2457 ominibus
932 2402 1069 2459 inventum
1092 2411 1149 2466 est,
1179 2403 1207 2460 in
1228 2403 1289 2460 aliis

151 2518 207 2575 que
229 2505 370 2566 omissum.
393 2506 419 2560 in
440 2521 496 2561 nno
518 2507 646 2560 romanis
667 2511 695 2560 et
716 2504 843 2560 hostibus
861 2503 1000 2577 seriptum,
1020 2505 1086 2561 satis
1106 2505 1139 2562 ad
1155 2505 1290 2582 suspicio·

150 2622 211 2662 nem
233 2606 442 2663 conbmumlam
465 2605 553 2662 valere
572 2605 731 2662 arbitrabar.

234 2708 293 2764 Non
316 2707 455 2765 dissimilis
477 2707 540 2764 baris
561 2706 622 2764 loeo
644 2716 687 2763 est
710 2707 766 2781 lug.
788 2710 837 2768 97.
858 2714 874 2765 5
896 2705 941 2762 ubi
965 2724 1058 2765 omrres
1079 2707 1142 2765 libri
1166 2738 1204 2750 -
1225 2727 1288 2767 nam

151 2809 264 2883 exiguae
289 2810 486 2884 discrepantiae
513 2809 555 2865 vis
579 2808 821 2866 conmemorandae
849 2816 913 2864 sunt
937 2840 974 2849 -
1002 2808 1035 2866 ab
1065 2809 1195 2868 Sallustio
1222 2811 1289 2867 seri·

151 2921 228 2986 ptum
251 2920 399 2968 testantur:
423 2913 544 2984 denique
563 2911 689 2968 Romani
708 2916 818 2968 ueteres
840 2914 961 2983 novique
988 2918 1016 2968 st
1044 2913 1078 2968 ob
1104 2928 1139 2968 ea
1166 2914 1289 2969 seientes

150 3016 228 3083 belli,
255 3017 282 3069 si
307 3031 379 3086 quens
402 3016 481 3071 locres
512 3019 563 3070 eut
589 3030 675 3071 cesus
703 3015 912 3079 contemneret,
935 3012 1012 3070 orbis
1031 3013 1130 3085 fecere
1148 3014 1224 3087 (haee
1245 3032 1289 3071 ve·

152 3117 373 3173 tustissmnorunr
402 3115 534 3174 librorum
561 3116 695 3190 scriptura
717 3132 766 3172 eur
792 3115 928 3170 reiciuuda
951 3115 988 3171 sit
1015 3133 1071 3172 non
1092 3115 1179 3187 video]
1202 3123 1289 3189 atque

150 3223 191 3275 ita
212 3221 394 3277 neumatibus
413 3219 548 3290 partibus
568 3219 654 3275 nmui
674 3219 741 3273 teeti
758 3223 785 3272 ct
805 3218 941 3272 instructi
959 3217 1080 3274 bostium
1104 3220 1157 3274 eim
1177 3227 1289 3276 susten·

150 3323 257 3379 tabunt.
302 3323 331 3378 ln
355 3322 452 3396 quibus
475 3328 584 3378 veteres
605 3322 727 3391 nonique
751 3326 778 3374 et
804 3320 837 3375 ob
864 3335 899 3374 eu
919 3322 1041 3377 scientes
1058 3320 1124 3377 belli
1144 3319 1210 3378 terri
1232 3338 1289 3377 nun

87 3442 91 3448 ·
150 3441 232 3498 posse
254 3442 347 3481 onmes
375 3422 434 3495 (eir.
458 3423 570 3495 Selling.
599 3420 661 3478 leet.
685 3440 711 3496 p.
735 3427 769 3481 32
791 3419 849 3493 sq.)
876 3430 985 3495 praeter
1012 3420 1181 3480 Gerlaehium
1209 3423 1290 3480 intel·

149 3524 248 3583 lesere.
303 3526 390 3600 igitur
415 3526 539 3601 plerique
570 3532 599 3580 ut
623 3540 675 3597 ego
704 3523 761 3596 ipse
796 3521 860 3578 olim
887 3522 992 3580 llritzio
1018 3531 1130 3581 auctore
1157 3527 1288 3596 nouique,

150 3628 252 3704 quippe
273 3646 304 3684 es
326 3634 370 3692 st,
396 3637 414 3689 3
435 3628 488 3684 huo
506 3625 673 3687 translatum,
696 3624 729 3681 ab
745 3624 864 3680 librariis
881 3624 1014 3683 adiectum
1029 3633 1202 3682 censuerunt.
1241 3626 1289 3683 Set

150 3731 270 3804 quamvis
294 3729 412 3787 librariis
433 3729 582 3785 multorum
610 3736 637 3783 et
658 3725 855 3783 admirabilium
877 3727 1004 3783 vitiorum
1024 3726 1103 3801 eulpa
1128 3728 1226 3785 merito
1249 3730 1290 3785 in·

149 3840 276 3906 ponatur,
300 3841 387 3890 tamen
411 3848 444 3888 ne
466 3824 545 3886 nimis
563 3828 666 3886 erednli
691 3829 781 3900 itaque
802 3826 896 3883 iniusti
917 3827 945 3883 in
966 3846 1013 3884 eos
1035 3829 1120 3886 simus
1142 3830 1289 3887 carendum

150 3942 200 3989 est.
239 3936 277 3991 Aa
299 3952 407 3996 vereor,
434 3951 467 3990 ne
489 3933 528 3989 eis
549 3949 609 3988 curn
638 3948 686 3987 eris
714 3929 802 3987 loeirm
830 3928 1026 4003 planissumam
1051 3930 1143 3988 addito
1168 3935 1290 4004 novique

149 4037 308 4111 eoumpisse
338 4034 537 4096 insimulemus,
559 4040 605 4088 aut
624 4033 771 4088 tinniorem
790 4046 963 4094 memoriam,
986 4031 1087 4107 quippe
1108 4032 1206 4107 quibus
1227 4050 1288 4091 eum

150 4144 259 4194 ueteres
285 4137 430 4211 legissent,
459 4137 550 4193 statim
579 4134 631 4190 loci
658 4139 743 4196 87.3
772 4133 799 4188 in
821 4141 939 4189 mentem
957 4133 1076 4196 venerit,
1104 4142 1151 4190 aut
1176 4135 1289 4192 nimium

149 4239 269 4295 nmtamli
292 4240 427 4313 pruritum
450 4238 608 4293 tribuamus.
656 4235 721 4290 llam
745 4234 822 4292 side
843 4252 873 4292 re
895 4235 1049 4292 adcuratius
1077 4237 1289 4310 quaesiverimus

150 4346 242 4395 ntrsuu
270 4341 325 4394 veri
349 4339 464 4395 similius
486 4338 605 4399 videtur,
633 4354 734 4412 plaucos
758 4344 912 4399 veteranos,
943 4355 1012 4410 (quos
1036 4337 1107 4395 sorte
1134 4354 1214 4396 casus
1242 4346 1290 4396 aut

150 4441 227 4497 locus
251 4441 438 4498 coniunxisset
463 4468 499 4480 -
521 4456 581 4497 nam
601 4456 735 4497 novorum
751 4439 868 4497 militurn
891 4438 919 4497 in
934 4437 1133 4498 llariexereitu
1145 4456 1290 4498 numerum
