2768 5010
469 374 774 416 conunurnrtontm
796 373 868 415 GAP.
888 375 910 414 1.

223 528 239 582 l.
260 528 339 584 Primi
364 528 452 602 igitur
471 504 582 602 generis
603 527 655 584 hos
673 535 789 584 nanetus
809 545 883 584 snm:

150 668 161 683 .
192 638 207 687 t.
222 630 249 690 l,
268 629 405 685 Parisinus
423 624 446 702 ¹)
475 629 611 687 sorbonn.
634 638 687 689 500
711 629 851 701 (tronveau
868 629 957 685 touls
978 629 1012 685 ale
1033 628 1059 685 la
1083 627 1270 703 bibliotheque

222 730 370 805 impiriale),
393 749 463 788 saec.
487 726 553 806 U).
593 732 622 787 ln
640 732 728 806 prima
750 732 849 806 pagina
870 730 980 787 litterae
1001 730 1200 804 aliquantulum
1222 731 1270 788 ob·

221 842 334 888 erratas
358 841 436 895 sunt.
465 841 496 888 ut
520 850 555 890 oe
582 833 700 891 discerni
727 834 836 908 qnirlcm
862 833 950 908 possit
984 840 1075 889 utrum
1102 849 1270 907 praenomen

221 936 355 1008 scriptoris
374 936 400 990 in
424 933 506 992 titulo
531 934 560 990 Ο.
583 953 617 992 an
633 936 665 992 G.
688 937 732 998 sit,
756 952 919 1009 quamquam
939 935 972 991 acl
994 935 1074 990 tinem
1095 934 1224 992 Catilinae
1239 935 1268 991 Ο.
1304 954 1307 958 ⁴

222 1036 356 1109 perspicue
372 1038 505 1112 seriptum
525 1035 576 1094 es't.
620 1036 718 1093 Ultima
741 1036 808 1094 tolia
828 1036 934 1112 aliquot
960 1035 1028 1092 locis
1054 1035 1177 1092 mutilata
1205 1046 1270 1094 sunt

220 1154 299 1210 eoque
323 1138 424 1194 taetram
450 1146 481 1194 nt
506 1137 586 1195 uerba
608 1146 728 1195 extrema
751 1139 807 1211 lug.
828 1137 862 1193 ala
887 1145 949 1199 112,
973 1145 990 1199 3
1011 1139 1151 1209 colloquio
1172 1140 1270 1196 decre·

221 1247 272 1295 tun
299 1257 415 1313 prorsus
445 1241 586 1316 perierint.
638 1241 666 1296 ln
694 1241 830 1316 principio
855 1241 1066 1316 scriptumest:
1090 1239 1119 1295 0.
1142 1238 1272 1297 Sallustii

222 1341 309 1413 Crispi
325 1342 429 1397 bellurn
451 1343 659 1399 Getulinnrium
682 1342 769 1417 (qnae
795 1342 930 1416 scriptura
959 1341 1077 1397 lortnsse
1106 1357 1162 1398 non
1191 1360 1270 1417 pror·

221 1460 260 1499 sus
292 1441 459 1516 neglegenda
494 1452 552 1505 est,
581 1462 641 1500 eum
672 1444 858 1500 testimoninm
887 1442 980 1499 haberi
1007 1443 1096 1517 possit
1129 1445 1200 1536 eiust
1220 1461 1269 1499 no·

220 1546 292 1599 minis
318 1546 431 1606 tonnae,
460 1563 512 1619 qua
541 1545 589 1601 m.
618 1546 810 1602 llommsenins
838 1546 968 1600 ntemlnm
990 1545 1108 1619 putauit,
1138 1542 1269 1630 Catilina)

219 1648 328 1716 ineiptit,
354 1648 381 1702 in
411 1646 464 1703 fine
493 1647 552 1703 eius
577 1647 656 1703 libri:
691 1646 720 1702 Ο.
743 1646 874 1703 Sallustii
900 1647 996 1718 Crispi
1020 1647 1122 1702 bellum
1150 1647 1269 1703 Catilius

218 1750 341 1819 explicit.
373 1750 474 1820 incipit
501 1748 719 1821 Iecpaarttainuna,
750 1765 819 1823 qnae
841 1766 855 1804 a
881 1747 1036 1822 posteriore
1064 1765 1144 1804 mann
1166 1750 1268 1805 aelieeta

217 1868 272 1905 esse
294 1852 416 1935 aglparet.
459 1866 494 1906 ae
519 1860 547 1906 et
576 1867 608 1907 oe
631 1852 688 1908 lere
711 1867 819 1925 semper
839 1849 920 1925 plene
942 1850 1043 1923 scripta
1065 1858 1144 1912 snat.
1167 1867 1268 1907 raroe

217 1969 263 2024 pro
281 1969 325 2018 uc,
347 1952 454 2026 saepius
471 1967 506 2007 ae
521 1970 572 2026 pro
589 1968 604 2009 e
623 1952 688 2025 (Cat.
704 1960 853 2024 satanae,
872 1957 888 2012 7
904 1952 1011 2019 braevi,
1032 1957 1049 2012 9
1066 1954 1268 2024 rellinqueere,

215 2053 264 2125 al).
308 2053 345 2109 En
365 2055 459 2109 coelice
489 2071 550 2110 enni
575 2054 674 2110 lilinum
696 2054 860 2127 exscriptum
881 2071 942 2110 esse
966 2054 1011 2127 qui
1036 2071 1055 2109 a
1076 2063 1201 2128 opertum
1222 2054 1269 2110 lia·

214 2154 306 2215 luerit.
330 2155 416 2210 multa
439 2156 539 2212 elocent
561 2156 633 2229 (Cat.
658 2162 674 2216 7
697 2157 854 2224 nabebunt,
883 2163 918 2217 23
939 2157 1078 2224 obnoxie,
1106 2156 1267 2229 setonam),

215 2274 260 2312 nee
286 2258 375 2313 nunus
402 2256 514 2332 adparet
539 2257 679 2315 librarium
707 2258 734 2313 in
759 2256 875 2332 legentlo
900 2257 1050 2331 archetypo
1073 2274 1154 2330 saepe
1182 2258 1268 2313 linesi·

215 2366 298 2420 tasse,
330 2376 381 2414 nee
407 2377 472 2414 rere
508 2360 654 2434 quidquam
686 2361 801 2435 proprio
830 2369 917 2415 marte
942 2360 1084 2415 ‹livinass'e
1134 2358 1267 2415 Nonnulla

213 2461 305 2516 monela
330 2461 424 2516 coelem
446 2478 542 2518 uranus
563 2463 691 2518 correxit.
733 2463 859 2528 Quamvis
886 2462 954 2517 satis
980 2467 1140 2517 constanter
1166 2460 1268 2517 leterius

213 2560 336 2634 rulgams
364 2562 488 2617 exltilteat
511 2562 668 2637 (genetivus
696 2564 791 2619 sesclae
817 2562 885 2619 clecl.
909 2561 1102 2619 vocabulorum
1124 2561 1151 2617 in
1173 2565 1219 2619 ius
1241 2570 1268 2617 et

213 2666 268 2718 ium
285 2652 396 2738 'semper
416 2667 451 2732 ii,
473 2665 624 2739 solentque
639 2665 721 2721 morlo
743 2682 852 2739 seanper
872 2666 926 2730 clii,
949 2666 1004 2719 diis
1024 2664 1099 2723 sim..
1123 2664 1187 2720 item
1209 2667 1268 2720 sul·

211 2782 264 2838 pus
290 2768 385 2821 nultus
412 2768 471 2822 arun
492 2765 527 2821 al.
556 2767 582 2822 iel
610 2760 757 2840 gen1183),
786 2768 851 2822 libet
878 2767 980 2833 libide,
1002 2765 1083 2821 natael
1101 2765 1156 2838 al),
1178 2774 1267 2822 tarraco

212 2866 350 2923 racanmrllis
364 2866 432 2922 locis
447 2869 616 2943 antiquiores
631 2869 747 2925 servarit
766 2868 867 2940 (statim
888 2869 914 2923 in
935 2868 1069 2943 principio
1092 2871 1190 2935 omanis,
1211 2877 1267 2924 tum

209 2972 353 3041 intettcpit.
389 2971 466 3038 tlnotl
484 2971 539 3043 lug.
558 2977 634 3031 am
654 2970 762 3025 extribet
779 2972 954 3048 tticssuuros,
978 2970 1004 3023 iu
1025 2970 1173 3044 archetypo
1189 2971 1268 3027 tianeu-

209 3088 314 3128 suuros
338 3072 422 3127 luisse
445 3073 539 3129 testari
562 3071 686 3145 videtur).
730 3072 749 3127 lt
772 3073 940 3147 saepissume
960 3071 1098 3127 roenlilms
1122 3074 1267 3145 praelirum

211 3175 332 3243 (horreri
358 3176 413 3230 (lat.
443 3181 467 3232 2.
502 3175 724 3231 nichilhominus
756 3182 781 3234 3.
810 3175 992 3246 nlnoripines
1023 3180 1047 3234 6.
1074 3175 1189 3231 inlatrat
1214 3174 1267 3245 ⁶25).

210 3295 260 3331 oce
284 3278 375 3332 nrinns
401 3294 482 3351 saepe
510 3277 546 3332 ch
573 3295 623 3350 pro
651 3276 670 3331 t
700 3277 831 3350 seriptum
860 3275 972 3345 (mictu,
1000 3278 1110 3345 niclu't).
1156 3274 1267 3331 iilossae

211 3396 312 3451 parat-ae
340 3378 374 3433 ali
400 3379 492 3434 earlem
519 3396 599 3435 oraim
626 3380 827 3452 superscriptae
849 3387 914 3435 snnt
930 3373 962 3451 ⁴),
987 3379 1052 3434 item
1072 3379 1266 3439 correctiones,

211 3482 238 3534 iu
261 3480 359 3553 quilius
382 3480 529 3536 nontrnllae
552 3480 642 3536 littera
664 3499 760 3554 grateca
783 3479 816 3537 A
838 3490 962 3543 notatae,
989 3497 1040 3555 pro
1062 3498 1114 3553 qim
1141 3480 1182 3534 lais
1206 3482 1267 3534 din-

160 3648 168 3695 l
174 3678 183 3711 t
199 3646 595 3695 CodicesParisinosmeumin
605 3662 682 3695 tastum
710 3645 1267 3711 ariciens,quiexistenttlnuslereporime,

117 3732 244 3781 corrtulit
269 3733 376 3780 iuuenis
401 3730 582 3780 doctissumus
606 3731 682 3780 litan-
710 3732 835 3781 contient
845 3730 874 3780 lu
887 3746 983 3795 gutierre
1003 3730 1036 3778 (le
1056 3729 1179 3779 Catilina
1192 3735 1219 3777 et
1234 3729 1267 3778 cle

117 3819 212 3869 ailrer.
232 3832 322 3880 equom,
341 3826 370 3864 ut
388 3817 415 3865 in
428 3817 565 3881 principio
578 3817 684 3881 negotii
709 3816 846 3880 Jugnrtlru
864 3832 915 3880 pur
933 3815 1029 3879 Crispe
1048 3814 1176 3862 Solluste.
1287 3796 1295 3813 ’

117 3905 213 3952 arsinus
233 3901 321 3950 sillone
335 3907 462 3951 vorsutus
479 3901 572 3962 fucrit,
591 3908 684 3951 tamen
744 3901 770 3965 3)
789 3902 903 3966 Semper
920 3917 980 3957 carun,
1000 3914 1133 3963 nusquam
1152 3914 1232 3964 qinom.

116 4002 231 4038 sosoma
252 3986 401 4050 diligentis
424 4002 502 4036 usum
521 4003 581 4036 esse
600 3987 685 4035 arrexi·
744 3986 771 4048 4)
790 3986 869 4047 Quod
895 3986 953 4048 lug.
976 3982 1023 4045 llll,
1051 3983 1063 4031 l
1087 4000 1169 4049 super
1191 4000 1266 4047 capca-

117 4088 222 4136 moque
247 4072 275 4119 in
294 4072 334 4119 eis
353 4071 450 4134 libris,
474 4072 520 4136 qui
540 4088 589 4136 pre
608 4078 685 4135 optu·
712 4072 768 4121 dunt
777 4072 909 4135 seriptum
919 4076 961 4118 est
970 4069 1193 4129 mittendann‚in‹le
1205 4085 1268 4118 eori-

118 4155 398 4226 mislmlumelisunt,
417 4156 509 4206 inultis
525 4156 685 4206 milritloen·
713 4156 783 4204 icius
810 4155 934 4205 codicem
958 4155 993 4204 nli
1016 4153 1125 4202 lrornine
1150 4155 1269 4203 l‘rnrice·

119 4244 226 4293 mentis
245 4248 406 4307 conpertum
422 4247 473 4292 est.
713 4241 787 4303 gullo
810 4241 940 4304 seriptum
967 4237 1100 4302 (mener).
1137 4240 1196 4300 (tuo
1215 4240 1268 4287 tor·

155 4326 686 4392 '21lnprimorneuofoliohuoeseriptn
713 4329 787 4373 tasse
806 4325 927 4388 pertinet
949 4325 1034 4372 etiarn
1058 4323 1195 4386 scripturn
1213 4326 1268 4371 tnn-

119 4421 200 4464 nunt:
221 4414 260 4463 Ce
279 4413 332 4462 tls.
351 4418 418 4477 peut
434 4412 493 4462 etro
511 4427 547 4460 un
559 4411 607 4460 eles
625 4411 686 4475 plns
711 4424 762 4473 pua
780 4408 842 4458 Cat.
860 4409 886 4459 ll.

522 4518 539 4541 t
1027 4493 1069 4552 μ
