<?xml version="1.0" encoding="UTF-8"?>
<!DOCTYPE html PUBLIC "-//W3C//DTD XHTML 1.0 Transitional//EN"
    "http://www.w3.org/TR/xhtml1/DTD/xhtml1-transitional.dtd">
<html xmlns="http://www.w3.org/1999/xhtml" xml:lang="en" lang="en">
 <head>
  <title>
</title>
<meta http-equiv="Content-Type" content="text/html;charset=utf-8" />
  <meta name='ocr-system' content='tesseract 3.04.00' />
  <meta name='ocr-capabilities' content='ocr_page ocr_carea ocr_par ocr_line ocrx_word'/>
</head>
<body>
  <div class='ocr_page' id='page_1' title='image "./gaisallvsticris00sallgoog_0489.png"; bbox 0 0 2768 5010; ppageno 0'>
   <div class='ocr_carea' id='block_1_1' title="bbox 145 360 960 424">
    <p class='ocr_par' dir='ltr' id='par_1_1' title="bbox 145 360 960 424">
     <span class='ocr_line' id='line_1_1' title="bbox 145 360 960 424; baseline -0.007 0"><span class='ocrx_word' id='word_1_1' title='bbox 145 360 206 424; x_wconf 83' lang='lat' dir='ltr'>tot</span> <span class='ocrx_word' id='word_1_2' title='bbox 465 376 690 423; x_wconf 82' lang='lat' dir='ltr'>araroaranvu</span> <span class='ocrx_word' id='word_1_3' title='bbox 712 377 776 418; x_wconf 84' lang='lat' dir='ltr'>ma.</span> <span class='ocrx_word' id='word_1_4' title='bbox 801 377 832 418; x_wconf 82' lang='lat' dir='ltr'>iv</span> <span class='ocrx_word' id='word_1_5' title='bbox 855 367 900 424; x_wconf 75' lang='lat' dir='ltr'>aa.</span> <span class='ocrx_word' id='word_1_6' title='bbox 916 368 960 422; x_wconf 75' lang='lat' dir='ltr'>aa.</span> 
     </span>
    </p>
   </div>
   <div class='ocr_carea' id='block_1_2' title="bbox 144 525 1293 1207">
    <p class='ocr_par' dir='ltr' id='par_1_2' title="bbox 144 525 1293 1207">
     <span class='ocr_line' id='line_1_2' title="bbox 229 525 1291 596; baseline -0.006 -15"><span class='ocrx_word' id='word_1_7' title='bbox 229 532 307 581; x_wconf 76' lang='lat' dir='ltr'>drus.</span> <span class='ocrx_word' id='word_1_8' title='bbox 327 547 353 596; x_wconf 90' lang='lat' dir='ltr'>p.</span> <span class='ocrx_word' id='word_1_9' title='bbox 372 528 436 579; x_wconf 79' lang='lat'><strong>220:</strong></span> <span class='ocrx_word' id='word_1_10' title='bbox 460 534 580 579; x_wconf 84' lang='lat' dir='ltr'>cultorem</span> <span class='ocrx_word' id='word_1_11' title='bbox 597 529 645 578; x_wconf 84' lang='lat' dir='ltr'>sni.</span> <span class='ocrx_word' id='word_1_12' title='bbox 681 529 760 577; x_wconf 85' lang='lat' dir='ltr'>Haec</span> <span class='ocrx_word' id='word_1_13' title='bbox 779 528 865 578; x_wconf 85' lang='lat' dir='ltr'>verbs.</span> <span class='ocrx_word' id='word_1_14' title='bbox 886 528 910 576; x_wconf 89' lang='lat' dir='ltr'>si</span> <span class='ocrx_word' id='word_1_15' title='bbox 930 527 1143 592; x_wconf 86' lang='lat' dir='ltr'>adpetitionem</span> <span class='ocrx_word' id='word_1_16' title='bbox 1162 525 1291 578; x_wconf 88' lang='lat' dir='ltr'>consula-</span> 
     </span>
     <span class='ocr_line' id='line_1_3' title="bbox 144 594 1291 662; baseline -0.005 -12"><span class='ocrx_word' id='word_1_17' title='bbox 144 606 189 650; x_wconf 86' lang='lat' dir='ltr'>tus</span> <span class='ocrx_word' id='word_1_18' title='bbox 206 600 235 649; x_wconf 89' lang='lat' dir='ltr'>in</span> <span class='ocrx_word' id='word_1_19' title='bbox 253 614 355 648; x_wconf 90' lang='lat' dir='ltr'>aunum</span> <span class='ocrx_word' id='word_1_20' title='bbox 373 597 406 647; x_wconf 83' lang='lat'>70</span> <span class='ocrx_word' id='word_1_21' title='bbox 424 598 579 662; x_wconf 69' lang='lat' dir='ltr'>pertinuere</span> <span class='ocrx_word' id='word_1_22' title='bbox 592 623 624 632; x_wconf 92' lang='lat'>-</span> <span class='ocrx_word' id='word_1_23' title='bbox 638 596 664 645; x_wconf 93' lang='lat' dir='ltr'>id</span> <span class='ocrx_word' id='word_1_24' title='bbox 684 597 753 660; x_wconf 89' lang='lat' dir='ltr'>quod</span> <span class='ocrx_word' id='word_1_25' title='bbox 765 611 845 645; x_wconf 89' lang='lat' dir='ltr'>nemo</span> <span class='ocrx_word' id='word_1_26' title='bbox 857 594 941 645; x_wconf 79' lang='lat' dir='ltr'>tacite</span> <span class='ocrx_word' id='word_1_27' title='bbox 954 595 1118 645; x_wconf 76' lang='lat' dir='ltr'>initiabitur</span> <span class='ocrx_word' id='word_1_28' title='bbox 1128 621 1170 655; x_wconf 82' lang='lat'>·-,</span> <span class='ocrx_word' id='word_1_29' title='bbox 1189 596 1291 645; x_wconf 81' lang='lat' dir='ltr'>variae</span> 
     </span>
     <span class='ocr_line' id='line_1_4' title="bbox 144 663 1292 734; baseline -0.004 -17"><span class='ocrx_word' id='word_1_30' title='bbox 144 671 241 734; x_wconf 80' lang='lat' dir='ltr'>patent</span> <span class='ocrx_word' id='word_1_31' title='bbox 254 683 345 717; x_wconf 86' lang='lat' dir='ltr'>eorum</span> <span class='ocrx_word' id='word_1_32' title='bbox 358 665 581 731; x_wconf 86' lang='lat' dir='ltr'>explicandorum</span> <span class='ocrx_word' id='word_1_33' title='bbox 594 665 657 714; x_wconf 86' lang='lat' dir='ltr'>viae</span> <span class='ocrx_word' id='word_1_34' title='bbox 671 679 704 713; x_wconf 90' lang='lat' dir='ltr'>ac</span> <span class='ocrx_word' id='word_1_35' title='bbox 717 663 847 712; x_wconf 89' lang='lat' dir='ltr'>rationes.</span> <span class='ocrx_word' id='word_1_36' title='bbox 879 664 997 712; x_wconf 87' lang='lat' dir='ltr'>Possunt</span> <span class='ocrx_word' id='word_1_37' title='bbox 1010 663 1090 722; x_wconf 88' lang='lat' dir='ltr'>enim,</span> <span class='ocrx_word' id='word_1_38' title='bbox 1105 679 1175 728; x_wconf 84' lang='lat' dir='ltr'>quae</span> <span class='ocrx_word' id='word_1_39' title='bbox 1188 664 1292 712; x_wconf 83' lang='lat' dir='ltr'>Kritaii</span> 
     </span>
     <span class='ocr_line' id='line_1_5' title="bbox 145 730 1291 799; baseline -0.005 -13"><span class='ocrx_word' id='word_1_40' title='bbox 145 739 190 787; x_wconf 83' lang='lat' dir='ltr'>est</span> <span class='ocrx_word' id='word_1_41' title='bbox 206 734 275 785; x_wconf 81' lang='lat' dir='ltr'>haut</span> <span class='ocrx_word' id='word_1_42' title='bbox 293 733 474 799; x_wconf 89' lang='lat' dir='ltr'>inprobabilis</span> <span class='ocrx_word' id='word_1_43' title='bbox 492 733 645 786; x_wconf 86' lang='lat' dir='ltr'>sententia.</span> <span class='ocrx_word' id='word_1_44' title='bbox 670 731 795 795; x_wconf 77' lang='lat' dir='ltr'>intellegi</span> <span class='ocrx_word' id='word_1_45' title='bbox 819 731 852 780; x_wconf 91' lang='lat' dir='ltr'>de</span> <span class='ocrx_word' id='word_1_46' title='bbox 875 731 912 780; x_wconf 88' lang='lat' dir='ltr'>M.</span> <span class='ocrx_word' id='word_1_47' title='bbox 939 730 1054 791; x_wconf 88' lang='lat' dir='ltr'>Crasso,</span> <span class='ocrx_word' id='word_1_48' title='bbox 1080 732 1205 794; x_wconf 88' lang='lat' dir='ltr'>quicum</span> <span class='ocrx_word' id='word_1_49' title='bbox 1224 747 1291 781; x_wconf 90' lang='lat' dir='ltr'>con-</span> 
     </span>
     <span class='ocr_line' id='line_1_6' title="bbox 144 799 1292 868; baseline -0.005 -15"><span class='ocrx_word' id='word_1_50' title='bbox 144 802 236 868; x_wconf 89' lang='lat' dir='ltr'>legam</span> <span class='ocrx_word' id='word_1_51' title='bbox 255 819 284 851; x_wconf 89' lang='lat' dir='ltr'>ac</span> <span class='ocrx_word' id='word_1_52' title='bbox 303 802 459 851; x_wconf 88' lang='lat' dir='ltr'>habiturum</span> <span class='ocrx_word' id='word_1_53' title='bbox 477 801 565 850; x_wconf 85' lang='lat' dir='ltr'>virum</span> <span class='ocrx_word' id='word_1_54' title='bbox 584 817 613 848; x_wconf 92' lang='lat' dir='ltr'>se</span> <span class='ocrx_word' id='word_1_55' title='bbox 632 800 790 849; x_wconf 85' lang='lat' dir='ltr'>inferiorem</span> <span class='ocrx_word' id='word_1_56' title='bbox 810 799 917 863; x_wconf 76' lang='lat' dir='ltr'>sibique</span> <span class='ocrx_word' id='word_1_57' title='bbox 929 799 1135 848; x_wconf 87' lang='lat' dir='ltr'>deditissnmum</span> <span class='ocrx_word' id='word_1_58' title='bbox 1150 799 1292 862; x_wconf 86' lang='lat' dir='ltr'>speravis-</span> 
     </span>
     <span class='ocr_line' id='line_1_7' title="bbox 145 867 1293 934; baseline -0.004 -14"><span class='ocrx_word' id='word_1_59' title='bbox 145 876 201 931; x_wconf 85' lang='lat' dir='ltr'>set,</span> <span class='ocrx_word' id='word_1_60' title='bbox 221 870 312 919; x_wconf 80' lang='lat' dir='ltr'>sribito</span> <span class='ocrx_word' id='word_1_61' title='bbox 332 871 383 919; x_wconf 85' lang='lat' dir='ltr'>Gn.</span> <span class='ocrx_word' id='word_1_62' title='bbox 403 869 562 934; x_wconf 88' lang='lat' dir='ltr'>Pompeium</span> <span class='ocrx_word' id='word_1_63' title='bbox 581 868 778 931; x_wconf 77' lang='lat' dir='ltr'>conpetitorem</span> <span class='ocrx_word' id='word_1_64' title='bbox 799 867 917 915; x_wconf 79' lang='lat' dir='ltr'>futurum</span> <span class='ocrx_word' id='word_1_65' title='bbox 937 867 1105 930; x_wconf 78' lang='lat' dir='ltr'>conpererit,</span> <span class='ocrx_word' id='word_1_66' title='bbox 1130 882 1181 916; x_wconf 91' lang='lat' dir='ltr'>nee</span> <span class='ocrx_word' id='word_1_67' title='bbox 1199 868 1293 916; x_wconf 89' lang='lat' dir='ltr'>minna</span> 
     </span>
     <span class='ocr_line' id='line_1_8' title="bbox 145 935 1293 1002; baseline -0.003 -15"><span class='ocrx_word' id='word_1_68' title='bbox 145 939 179 987; x_wconf 90' lang='lat' dir='ltr'>de</span> <span class='ocrx_word' id='word_1_69' title='bbox 198 938 343 1002; x_wconf 86' lang='lat' dir='ltr'>Pompeio,</span> <span class='ocrx_word' id='word_1_70' title='bbox 368 937 413 1001; x_wconf 90' lang='lat' dir='ltr'>qui</span> <span class='ocrx_word' id='word_1_71' title='bbox 438 951 498 985; x_wconf 89' lang='lat' dir='ltr'>cum</span> <span class='ocrx_word' id='word_1_72' title='bbox 518 935 634 985; x_wconf 86' lang='lat' dir='ltr'>Crassus</span> <span class='ocrx_word' id='word_1_73' title='bbox 658 935 693 983; x_wconf 90' lang='lat' dir='ltr'>ab</span> <span class='ocrx_word' id='word_1_74' title='bbox 718 950 750 983; x_wconf 88' lang='lat' dir='ltr'>co</span> <span class='ocrx_word' id='word_1_75' title='bbox 769 949 803 982; x_wconf 83' lang='lat' dir='ltr'>tre</span> <span class='ocrx_word' id='word_1_76' title='bbox 823 950 900 983; x_wconf 88' lang='lat' dir='ltr'>suam</span> <span class='ocrx_word' id='word_1_77' title='bbox 919 935 1080 1000; x_wconf 86' lang='lat' dir='ltr'>petitionem</span> <span class='ocrx_word' id='word_1_78' title='bbox 1100 949 1183 999; x_wconf 87' lang='lat' dir='ltr'>aegre</span> <span class='ocrx_word' id='word_1_79' title='bbox 1203 936 1293 983; x_wconf 83' lang='lat' dir='ltr'>terret</span> 
     </span>
     <span class='ocr_line' id='line_1_9' title="bbox 144 1001 1291 1072; baseline -0.005 -16"><span class='ocrx_word' id='word_1_80' title='bbox 144 1005 272 1072; x_wconf 88' lang='lat' dir='ltr'>petiisset</span> <span class='ocrx_word' id='word_1_81' title='bbox 291 1005 372 1067; x_wconf 71' lang='lat' dir='ltr'>il‘lut.</span> <span class='ocrx_word' id='word_1_82' title='bbox 389 1006 481 1067; x_wconf 82' lang='lat' dir='ltr'>Pomp.</span> <span class='ocrx_word' id='word_1_83' title='bbox 495 1003 538 1053; x_wconf 76' lang='lat'>22.</span> <span class='ocrx_word' id='word_1_84' title='bbox 558 1003 649 1052; x_wconf 84' lang='lat' dir='ltr'>Crass.</span> <span class='ocrx_word' id='word_1_85' title='bbox 667 1002 716 1063; x_wconf 63' lang='lat' dir='ltr'>lii,</span> <span class='ocrx_word' id='word_1_86' title='bbox 736 1002 795 1051; x_wconf 84' lang='lat' dir='ltr'>iore</span> <span class='ocrx_word' id='word_1_87' title='bbox 813 1008 844 1050; x_wconf 91' lang='lat' dir='ltr'>ut</span> <span class='ocrx_word' id='word_1_88' title='bbox 860 1001 908 1051; x_wconf 88' lang='lat' dir='ltr'>ille</span> <span class='ocrx_word' id='word_1_89' title='bbox 926 1003 954 1050; x_wconf 92' lang='lat' dir='ltr'>in</span> <span class='ocrx_word' id='word_1_90' title='bbox 973 1003 1138 1066; x_wconf 85' lang='lat' dir='ltr'>magistratu</span> <span class='ocrx_word' id='word_1_91' title='bbox 1156 1003 1291 1051; x_wconf 86' lang='lat' dir='ltr'>minorem</span> 
     </span>
     <span class='ocr_line' id='line_1_10' title="bbox 146 1069 1291 1137; baseline -0.005 -14"><span class='ocrx_word' id='word_1_92' title='bbox 146 1075 266 1123; x_wconf 78' lang='lat' dir='ltr'>animum</span> <span class='ocrx_word' id='word_1_93' title='bbox 285 1079 394 1137; x_wconf 83' lang='lat' dir='ltr'>gereret</span> <span class='ocrx_word' id='word_1_94' title='bbox 412 1072 518 1135; x_wconf 91' lang='lat' dir='ltr'>sibique</span> <span class='ocrx_word' id='word_1_95' title='bbox 537 1071 748 1134; x_wconf 77' lang='lat' dir='ltr'>obsequeretur.</span> <span class='ocrx_word' id='word_1_96' title='bbox 769 1069 886 1119; x_wconf 87' lang='lat' dir='ltr'>conlisus</span> <span class='ocrx_word' id='word_1_97' title='bbox 905 1070 954 1122; x_wconf 83' lang='lat' dir='ltr'>sit.</span> <span class='ocrx_word' id='word_1_98' title='bbox 980 1070 1006 1118; x_wconf 93' lang='lat' dir='ltr'>id</span> <span class='ocrx_word' id='word_1_99' title='bbox 1031 1070 1100 1133; x_wconf 90' lang='lat' dir='ltr'>quod</span> <span class='ocrx_word' id='word_1_100' title='bbox 1120 1075 1195 1119; x_wconf 86' lang='lat' dir='ltr'>certe</span> <span class='ocrx_word' id='word_1_101' title='bbox 1215 1070 1291 1134; x_wconf 76' lang='lat' dir='ltr'>prin</span> 
     </span>
     <span class='ocr_line' id='line_1_11' title="bbox 146 1136 839 1207; baseline -0.01 -15"><span class='ocrx_word' id='word_1_102' title='bbox 146 1141 218 1207; x_wconf 83' lang='lat' dir='ltr'>cipio</span> <span class='ocrx_word' id='word_1_103' title='bbox 238 1140 397 1190; x_wconf 88' lang='lat' dir='ltr'>consulatus</span> <span class='ocrx_word' id='word_1_104' title='bbox 417 1140 510 1189; x_wconf 89' lang='lat' dir='ltr'>evenit</span> <span class='ocrx_word' id='word_1_105' title='bbox 528 1138 663 1203; x_wconf 81' lang='lat' dir='ltr'>(Momms.</span> <span class='ocrx_word' id='word_1_106' title='bbox 681 1138 721 1187; x_wconf 87' lang='lat' dir='ltr'>III</span> <span class='ocrx_word' id='word_1_107' title='bbox 740 1154 766 1202; x_wconf 89' lang='lat' dir='ltr'>p.</span> <span class='ocrx_word' id='word_1_108' title='bbox 785 1136 839 1199; x_wconf 76' lang='grc'><strong>95).</strong></span> 
     </span>
    </p>
   </div>
   <div class='ocr_carea' id='block_1_3' title="bbox 146 1255 1292 1437">
    <p class='ocr_par' dir='ltr' id='par_1_3' title="bbox 146 1255 1292 1437">
     <span class='ocr_line' id='line_1_12' title="bbox 232 1255 1292 1348; baseline -0.005 -27"><span class='ocrx_word' id='word_1_109' title='bbox 232 1259 274 1348; x_wconf 55' lang='grc'>31</span> <span class='ocrx_word' id='word_1_110' title='bbox 296 1258 356 1338; x_wconf 81' lang='lat' dir='ltr'>[tir.</span> <span class='ocrx_word' id='word_1_111' title='bbox 372 1266 414 1315; x_wconf 74' lang='lat' dir='ltr'>et.</span> <span class='ocrx_word' id='word_1_112' title='bbox 439 1260 471 1320; x_wconf 90' lang='lat' dir='ltr'>G.</span> <span class='ocrx_word' id='word_1_113' title='bbox 486 1256 543 1336; x_wconf 75' lang='lat'>72].</span> <span class='ocrx_word' id='word_1_114' title='bbox 589 1256 712 1317; x_wconf 86' lang='lat' dir='ltr'>Crassus</span> <span class='ocrx_word' id='word_1_115' title='bbox 735 1255 904 1316; x_wconf 79' lang='lat' dir='ltr'>obtrectans</span> <span class='ocrx_word' id='word_1_116' title='bbox 927 1259 1024 1333; x_wconf 90' lang='lat' dir='ltr'>potius</span> <span class='ocrx_word' id='word_1_117' title='bbox 1040 1255 1180 1333; x_wconf 81' lang='lat' dir='ltr'>conlegae</span> <span class='ocrx_word' id='word_1_118' title='bbox 1200 1274 1292 1334; x_wconf 88' lang='lat' dir='ltr'>quarn</span> 
     </span>
     <span class='ocr_line' id='line_1_13' title="bbox 146 1357 849 1437; baseline -0.009 -16"><span class='ocrx_word' id='word_1_119' title='bbox 146 1360 218 1422; x_wconf 89' lang='lat' dir='ltr'>boui</span> <span class='ocrx_word' id='word_1_120' title='bbox 239 1366 289 1420; x_wconf 77' lang='lat' dir='ltr'>auu</span> <span class='ocrx_word' id='word_1_121' title='bbox 309 1358 376 1419; x_wconf 90' lang='lat' dir='ltr'>mali</span> <span class='ocrx_word' id='word_1_122' title='bbox 399 1357 509 1437; x_wconf 85' lang='lat' dir='ltr'>publici</span> <span class='ocrx_word' id='word_1_123' title='bbox 531 1360 627 1435; x_wconf 81' lang='lat' dir='ltr'>gravis</span> <span class='ocrx_word' id='word_1_124' title='bbox 650 1359 849 1419; x_wconf 80' lang='lat' dir='ltr'>existumator.</span> 
     </span>
    </p>
   </div>
   <div class='ocr_carea' id='block_1_4' title="bbox 147 1474 1295 2351">
    <p class='ocr_par' dir='ltr' id='par_1_4' title="bbox 147 1474 1295 2351">
     <span class='ocr_line' id='line_1_14' title="bbox 232 1474 1294 1541; baseline -0.001 -15"><span class='ocrx_word' id='word_1_125' title='bbox 232 1478 325 1527; x_wconf 87' lang='lat' dir='ltr'>Verba</span> <span class='ocrx_word' id='word_1_126' title='bbox 344 1481 439 1526; x_wconf 81' lang='lat' dir='ltr'>extant</span> <span class='ocrx_word' id='word_1_127' title='bbox 458 1493 501 1541; x_wconf 90' lang='lat' dir='ltr'>ap.</span> <span class='ocrx_word' id='word_1_128' title='bbox 521 1477 600 1524; x_wconf 88' lang='lat' dir='ltr'>Arus.</span> <span class='ocrx_word' id='word_1_129' title='bbox 620 1493 646 1541; x_wconf 92' lang='lat' dir='ltr'>p.</span> <span class='ocrx_word' id='word_1_130' title='bbox 660 1475 712 1525; x_wconf 79' lang='lat'>250</span> <span class='ocrx_word' id='word_1_131' title='bbox 730 1491 790 1525; x_wconf 90' lang='lat' dir='ltr'>cum</span> <span class='ocrx_word' id='word_1_132' title='bbox 807 1474 937 1525; x_wconf 87' lang='lat' dir='ltr'>lemmate</span> <span class='ocrx_word' id='word_1_133' title='bbox 950 1475 1096 1525; x_wconf 76' lang='lat' dir='ltr'>obtrectans</span> <span class='ocrx_word' id='word_1_134' title='bbox 1108 1478 1152 1531; x_wconf 82' lang='lat' dir='ltr'>itti,</span> <span class='ocrx_word' id='word_1_135' title='bbox 1171 1481 1215 1525; x_wconf 89' lang='lat' dir='ltr'>set</span> <span class='ocrx_word' id='word_1_136' title='bbox 1228 1491 1294 1525; x_wconf 88' lang='lat' dir='ltr'>con·</span> 
     </span>
     <span class='ocr_line' id='line_1_15' title="bbox 148 1542 1294 1613; baseline -0.002 -16"><span class='ocrx_word' id='word_1_137' title='bbox 148 1552 226 1613; x_wconf 89' lang='lat' dir='ltr'>rupte</span> <span class='ocrx_word' id='word_1_138' title='bbox 245 1547 273 1594; x_wconf 91' lang='lat' dir='ltr'>in</span> <span class='ocrx_word' id='word_1_139' title='bbox 292 1544 351 1594; x_wconf 91' lang='lat' dir='ltr'>eod.</span> <span class='ocrx_word' id='word_1_140' title='bbox 373 1545 423 1593; x_wconf 84' lang='lat' dir='ltr'>Gu.</span> <span class='ocrx_word' id='word_1_141' title='bbox 443 1544 545 1608; x_wconf 90' lang='lat' dir='ltr'>legitur</span> <span class='ocrx_word' id='word_1_142' title='bbox 561 1549 647 1606; x_wconf 80' lang='lat' dir='ltr'>praeis</span> <span class='ocrx_word' id='word_1_143' title='bbox 665 1550 780 1594; x_wconf 73' lang='lat' dir='ltr'>enectos.</span> <span class='ocrx_word' id='word_1_144' title='bbox 818 1544 870 1593; x_wconf 92' lang='lat' dir='ltr'>Pro</span> <span class='ocrx_word' id='word_1_145' title='bbox 883 1559 935 1607; x_wconf 92' lang='lat' dir='ltr'>quo</span> <span class='ocrx_word' id='word_1_146' title='bbox 949 1542 1024 1592; x_wconf 85' lang='lat' dir='ltr'>Gerl.</span> <span class='ocrx_word' id='word_1_147' title='bbox 1043 1543 1153 1608; x_wconf 84' lang='lat' dir='ltr'>scripsit</span> <span class='ocrx_word' id='word_1_148' title='bbox 1169 1550 1294 1595; x_wconf 70' lang='lat' dir='ltr'>eander.</span> 
     </span>
     <span class='ocr_line' id='line_1_16' title="bbox 148 1610 1294 1676; baseline -0.003 -13"><span class='ocrx_word' id='word_1_149' title='bbox 148 1613 227 1664; x_wconf 75' lang='lat' dir='ltr'>facili</span> <span class='ocrx_word' id='word_1_150' title='bbox 249 1613 400 1661; x_wconf 81' lang='lat' dir='ltr'>mutatione</span> <span class='ocrx_word' id='word_1_151' title='bbox 424 1618 466 1661; x_wconf 89' lang='lat' dir='ltr'>set</span> <span class='ocrx_word' id='word_1_152' title='bbox 489 1627 621 1676; x_wconf 80' lang='lat' dir='ltr'>pervorsa</span> <span class='ocrx_word' id='word_1_153' title='bbox 646 1612 794 1661; x_wconf 89' lang='lat' dir='ltr'>sententia.</span> <span class='ocrx_word' id='word_1_154' title='bbox 836 1612 894 1661; x_wconf 89' lang='lat' dir='ltr'>Nec</span> <span class='ocrx_word' id='word_1_155' title='bbox 922 1611 981 1660; x_wconf 86' lang='lat' dir='ltr'>reri</span> <span class='ocrx_word' id='word_1_156' title='bbox 1005 1610 1101 1660; x_wconf 88' lang='lat' dir='ltr'>similis</span> <span class='ocrx_word' id='word_1_157' title='bbox 1130 1615 1174 1660; x_wconf 91' lang='lat' dir='ltr'>cst</span> <span class='ocrx_word' id='word_1_158' title='bbox 1191 1611 1294 1660; x_wconf 79' lang='lat' dir='ltr'>Kritaii</span> 
     </span>
     <span class='ocr_line' id='line_1_17' title="bbox 148 1677 1295 1743; baseline -0.001 -14"><span class='ocrx_word' id='word_1_159' title='bbox 148 1681 287 1731; x_wconf 88' lang='lat' dir='ltr'>sententia</span> <span class='ocrx_word' id='word_1_160' title='bbox 306 1679 372 1729; x_wconf 91' lang='lat' dir='ltr'>illud</span> <span class='ocrx_word' id='word_1_161' title='bbox 393 1695 426 1727; x_wconf 85' lang='lat' dir='ltr'>ex</span> <span class='ocrx_word' id='word_1_162' title='bbox 445 1686 535 1729; x_wconf 85' lang='lat' dir='ltr'>unctor</span> <span class='ocrx_word' id='word_1_163' title='bbox 553 1679 658 1728; x_wconf 87' lang='lat' dir='ltr'>factum</span> <span class='ocrx_word' id='word_1_164' title='bbox 677 1694 746 1728; x_wconf 89' lang='lat' dir='ltr'>esse.</span> <span class='ocrx_word' id='word_1_165' title='bbox 778 1678 845 1727; x_wconf 83' lang='lat' dir='ltr'>Cum</span> <span class='ocrx_word' id='word_1_166' title='bbox 862 1694 926 1727; x_wconf 83' lang='lat' dir='ltr'>sero</span> <span class='ocrx_word' id='word_1_167' title='bbox 939 1677 1005 1726; x_wconf 88' lang='lat' dir='ltr'>nibil</span> <span class='ocrx_word' id='word_1_168' title='bbox 1025 1679 1126 1727; x_wconf 90' lang='lat' dir='ltr'>certius</span> <span class='ocrx_word' id='word_1_169' title='bbox 1143 1679 1189 1737; x_wconf 82' lang='lat' dir='ltr'>sit,</span> <span class='ocrx_word' id='word_1_170' title='bbox 1209 1693 1295 1743; x_wconf 84' lang='lat' dir='ltr'>qnam</span> 
     </span>
     <span class='ocr_line' id='line_1_18' title="bbox 147 1745 1293 1811; baseline -0.003 -14"><span class='ocrx_word' id='word_1_171' title='bbox 147 1747 197 1800; x_wconf 85' lang='lat' dir='ltr'>illa</span> <span class='ocrx_word' id='word_1_172' title='bbox 214 1748 301 1798; x_wconf 83' lang='lat' dir='ltr'>verba</span> <span class='ocrx_word' id='word_1_173' title='bbox 319 1747 394 1796; x_wconf 88' lang='lat' dir='ltr'>dicta</span> <span class='ocrx_word' id='word_1_174' title='bbox 414 1746 499 1795; x_wconf 83' lang='lat' dir='ltr'>fuisse</span> <span class='ocrx_word' id='word_1_175' title='bbox 524 1747 557 1795; x_wconf 88' lang='lat' dir='ltr'>de</span> <span class='ocrx_word' id='word_1_176' title='bbox 575 1747 612 1795; x_wconf 87' lang='lat' dir='ltr'>M.</span> <span class='ocrx_word' id='word_1_177' title='bbox 634 1746 727 1795; x_wconf 84' lang='lat' dir='ltr'>Crassi</span> <span class='ocrx_word' id='word_1_178' title='bbox 749 1746 777 1794; x_wconf 91' lang='lat' dir='ltr'>in</span> <span class='ocrx_word' id='word_1_179' title='bbox 797 1747 940 1795; x_wconf 76' lang='lat' dir='ltr'>consulatu</span> <span class='ocrx_word' id='word_1_180' title='bbox 960 1745 1128 1807; x_wconf 81' lang='lat' dir='ltr'>actionibus,</span> <span class='ocrx_word' id='word_1_181' title='bbox 1153 1761 1187 1795; x_wconf 84' lang='lat' dir='ltr'>ex</span> <span class='ocrx_word' id='word_1_182' title='bbox 1204 1747 1293 1811; x_wconf 88' lang='lat' dir='ltr'>parti·</span> 
     </span>
     <span class='ocr_line' id='line_1_19' title="bbox 149 1811 1294 1883; baseline -0.002 -18"><span class='ocrx_word' id='word_1_183' title='bbox 149 1816 221 1883; x_wconf 89' lang='lat' dir='ltr'>cipio</span> <span class='ocrx_word' id='word_1_184' title='bbox 239 1816 386 1865; x_wconf 79' lang='lat' dir='ltr'>obtrectans</span> <span class='ocrx_word' id='word_1_185' title='bbox 405 1820 496 1864; x_wconf 84' lang='lat' dir='ltr'>autern</span> <span class='ocrx_word' id='word_1_186' title='bbox 515 1820 594 1863; x_wconf 89' lang='lat' dir='ltr'>etex</span> <span class='ocrx_word' id='word_1_187' title='bbox 613 1813 724 1862; x_wconf 86' lang='lat' dir='ltr'>rclicuis</span> <span class='ocrx_word' id='word_1_188' title='bbox 749 1813 841 1862; x_wconf 86' lang='lat' dir='ltr'>verbis</span> <span class='ocrx_word' id='word_1_189' title='bbox 861 1815 996 1878; x_wconf 87' lang='lat' dir='ltr'>adpareat</span> <span class='ocrx_word' id='word_1_190' title='bbox 1018 1813 1167 1862; x_wconf 89' lang='lat' dir='ltr'>membrum</span> <span class='ocrx_word' id='word_1_191' title='bbox 1185 1811 1294 1863; x_wconf 88' lang='lat' dir='ltr'>linitum</span> 
     </span>
     <span class='ocr_line' id='line_1_20' title="bbox 148 1881 1294 1946; baseline -0.001 -14"><span class='ocrx_word' id='word_1_192' title='bbox 148 1885 199 1935; x_wconf 89' lang='lat' dir='ltr'>boc</span> <span class='ocrx_word' id='word_1_193' title='bbox 223 1883 403 1934; x_wconf 77' lang='lat' dir='ltr'>continuisse:</span> <span class='ocrx_word' id='word_1_194' title='bbox 428 1897 489 1931; x_wconf 91' lang='lat' dir='ltr'>eum</span> <span class='ocrx_word' id='word_1_195' title='bbox 512 1882 620 1946; x_wconf 88' lang='lat' dir='ltr'>legibus</span> <span class='ocrx_word' id='word_1_196' title='bbox 641 1882 675 1930; x_wconf 90' lang='lat' dir='ltr'>ab</span> <span class='ocrx_word' id='word_1_197' title='bbox 694 1881 825 1944; x_wconf 90' lang='lat' dir='ltr'>Pompeio</span> <span class='ocrx_word' id='word_1_198' title='bbox 847 1881 911 1930; x_wconf 89' lang='lat' dir='ltr'>latis</span> <span class='ocrx_word' id='word_1_199' title='bbox 930 1881 1081 1940; x_wconf 81' lang='lat' dir='ltr'>obstitisse,</span> <span class='ocrx_word' id='word_1_200' title='bbox 1107 1881 1294 1931; x_wconf 77' lang='lat' dir='ltr'>manufestum</span> 
     </span>
     <span class='ocr_line' id='line_1_21' title="bbox 149 1948 1294 2027; baseline -0.007 -25"><span class='ocrx_word' id='word_1_201' title='bbox 149 1959 192 2002; x_wconf 88' lang='lat' dir='ltr'>cst</span> <span class='ocrx_word' id='word_1_202' title='bbox 209 1949 405 2002; x_wconf 86' lang='lat' dir='ltr'>obtrectationi</span> <span class='ocrx_word' id='word_1_203' title='bbox 423 1950 578 2015; x_wconf 85' lang='lat' dir='ltr'>obpositam</span> <span class='ocrx_word' id='word_1_204' title='bbox 598 1949 682 1998; x_wconf 80' lang='lat' dir='ltr'>irrisae</span> <span class='ocrx_word' id='word_1_205' title='bbox 703 1964 795 1997; x_wconf 82' lang='lat' dir='ltr'>verum</span> <span class='ocrx_word' id='word_1_206' title='bbox 815 1950 854 1998; x_wconf 89' lang='lat' dir='ltr'>rei</span> <span class='ocrx_word' id='word_1_207' title='bbox 873 1949 1001 2013; x_wconf 90' lang='lat' dir='ltr'>publicae</span> <span class='ocrx_word' id='word_1_208' title='bbox 1021 1948 1145 2006; x_wconf 86' lang='lat' dir='ltr'>studium,</span> <span class='ocrx_word' id='word_1_209' title='bbox 1166 1949 1238 2027; x_wconf 84' lang='lat' dir='ltr'>quod</span> <span class='ocrx_word' id='word_1_210' title='bbox 1258 1949 1294 1997; x_wconf 75' lang='lat' dir='ltr'>al»</span> 
     </span>
     <span class='ocr_line' id='line_1_22' title="bbox 148 2016 1294 2082; baseline -0.003 -14"><span class='ocrx_word' id='word_1_211' title='bbox 148 2019 250 2070; x_wconf 86' lang='lat' dir='ltr'>iudicio</span> <span class='ocrx_word' id='word_1_212' title='bbox 268 2019 302 2067; x_wconf 88' lang='lat' dir='ltr'>de</span> <span class='ocrx_word' id='word_1_213' title='bbox 322 2017 403 2067; x_wconf 90' lang='lat' dir='ltr'>rebus</span> <span class='ocrx_word' id='word_1_214' title='bbox 423 2017 538 2082; x_wconf 90' lang='lat' dir='ltr'>agendis</span> <span class='ocrx_word' id='word_1_215' title='bbox 557 2022 605 2066; x_wconf 85' lang='lat' dir='ltr'>aut</span> <span class='ocrx_word' id='word_1_216' title='bbox 624 2017 694 2066; x_wconf 81' lang='lat' dir='ltr'>setis</span> <span class='ocrx_word' id='word_1_217' title='bbox 712 2016 821 2080; x_wconf 84' lang='lat' dir='ltr'>pendet.</span> <span class='ocrx_word' id='word_1_218' title='bbox 855 2021 942 2078; x_wconf 72' lang='lat' dir='ltr'>Quam</span> <span class='ocrx_word' id='word_1_219' title='bbox 957 2017 990 2063; x_wconf 89' lang='lat' dir='ltr'>ob</span> <span class='ocrx_word' id='word_1_220' title='bbox 1010 2032 1066 2064; x_wconf 89' lang='lat' dir='ltr'>rem</span> <span class='ocrx_word' id='word_1_221' title='bbox 1085 2016 1183 2080; x_wconf 78' lang='lat' dir='ltr'>scripsi</span> <span class='ocrx_word' id='word_1_222' title='bbox 1196 2018 1294 2067; x_wconf 69' lang='lat' dir='ltr'>eatsta-</span> 
     </span>
     <span class='ocr_line' id='line_1_23' title="bbox 148 2083 1293 2146; baseline -0.004 -9"><span class='ocrx_word' id='word_1_223' title='bbox 148 2094 238 2146; x_wconf 82' lang='lat' dir='ltr'>ntator,</span> <span class='ocrx_word' id='word_1_224' title='bbox 258 2102 318 2135; x_wconf 90' lang='lat' dir='ltr'>cum</span> <span class='ocrx_word' id='word_1_225' title='bbox 336 2086 409 2134; x_wconf 86' lang='lat' dir='ltr'>hanc</span> <span class='ocrx_word' id='word_1_226' title='bbox 428 2086 513 2134; x_wconf 79' lang='lat' dir='ltr'>tuisse</span> <span class='ocrx_word' id='word_1_227' title='bbox 532 2084 698 2133; x_wconf 89' lang='lat' dir='ltr'>sententiam</span> <span class='ocrx_word' id='word_1_228' title='bbox 717 2089 880 2132; x_wconf 78' lang='lat' dir='ltr'>statuerem:</span> <span class='ocrx_word' id='word_1_229' title='bbox 905 2084 1021 2132; x_wconf 66' lang='lat' dir='ltr'>Crassus</span> <span class='ocrx_word' id='word_1_230' title='bbox 1039 2084 1067 2132; x_wconf 92' lang='lat' dir='ltr'>in</span> <span class='ocrx_word' id='word_1_231' title='bbox 1086 2086 1183 2132; x_wconf 87' lang='lat' dir='ltr'>senatu</span> <span class='ocrx_word' id='word_1_232' title='bbox 1202 2083 1293 2145; x_wconf 87' lang='lat' dir='ltr'>(Plut.</span> 
     </span>
     <span class='ocr_line' id='line_1_24' title="bbox 150 2150 1294 2220; baseline -0.003 -16"><span class='ocrx_word' id='word_1_233' title='bbox 150 2156 243 2220; x_wconf 87' lang='lat' dir='ltr'>Pomp.</span> <span class='ocrx_word' id='word_1_234' title='bbox 263 2155 305 2203; x_wconf 72' lang='lat'>⁶22.</span> <span class='ocrx_word' id='word_1_235' title='bbox 324 2154 447 2203; x_wconf 89' lang='lat' dir='ltr'>Momms.</span> <span class='ocrx_word' id='word_1_236' title='bbox 467 2152 509 2202; x_wconf 89' lang='lat'>111</span> <span class='ocrx_word' id='word_1_237' title='bbox 526 2169 552 2217; x_wconf 89' lang='lat' dir='ltr'>p.</span> <span class='ocrx_word' id='word_1_238' title='bbox 572 2150 621 2214; x_wconf 78' lang='lat'>95)</span> <span class='ocrx_word' id='word_1_239' title='bbox 645 2151 764 2208; x_wconf 79' lang='lat' dir='ltr'>obstitit.</span> <span class='ocrx_word' id='word_1_240' title='bbox 791 2152 965 2200; x_wconf 89' lang='lat' dir='ltr'>obtrectandi</span> <span class='ocrx_word' id='word_1_241' title='bbox 989 2151 1079 2215; x_wconf 88' lang='lat' dir='ltr'>potius</span> <span class='ocrx_word' id='word_1_242' title='bbox 1102 2150 1192 2200; x_wconf 87' lang='lat' dir='ltr'>studio</span> <span class='ocrx_word' id='word_1_243' title='bbox 1210 2167 1294 2216; x_wconf 88' lang='lat' dir='ltr'>quam</span> 
     </span>
     <span class='ocr_line' id='line_1_25' title="bbox 149 2218 1295 2283; baseline -0.003 -12"><span class='ocrx_word' id='word_1_244' title='bbox 149 2228 225 2273; x_wconf 88' lang='lat' dir='ltr'>recto</span> <span class='ocrx_word' id='word_1_245' title='bbox 244 2222 354 2277; x_wconf 85' lang='lat' dir='ltr'>iudicio,</span> <span class='ocrx_word' id='word_1_246' title='bbox 375 2235 439 2269; x_wconf 89' lang='lat' dir='ltr'>num</span> <span class='ocrx_word' id='word_1_247' title='bbox 457 2236 501 2270; x_wconf 90' lang='lat' dir='ltr'>res</span> <span class='ocrx_word' id='word_1_248' title='bbox 520 2220 555 2269; x_wconf 91' lang='lat' dir='ltr'>ab</span> <span class='ocrx_word' id='word_1_249' title='bbox 574 2219 704 2283; x_wconf 91' lang='lat' dir='ltr'>Pompeio</span> <span class='ocrx_word' id='word_1_250' title='bbox 724 2223 805 2267; x_wconf 88' lang='lat' dir='ltr'>actae</span> <span class='ocrx_word' id='word_1_251' title='bbox 824 2218 1005 2283; x_wconf 89' lang='lat' dir='ltr'>reipublicae</span> <span class='ocrx_word' id='word_1_252' title='bbox 1023 2233 1172 2283; x_wconf 73' lang='lat' dir='ltr'>prosperae</span> <span class='ocrx_word' id='word_1_253' title='bbox 1192 2225 1221 2266; x_wconf 91' lang='lat' dir='ltr'>et</span> <span class='ocrx_word' id='word_1_254' title='bbox 1241 2220 1295 2268; x_wconf 90' lang='lat' dir='ltr'>uti-</span> 
     </span>
     <span class='ocr_line' id='line_1_26' title="bbox 147 2286 1295 2351; baseline -0.003 -12"><span class='ocrx_word' id='word_1_255' title='bbox 147 2289 204 2351; x_wconf 84' lang='lat' dir='ltr'>les,</span> <span class='ocrx_word' id='word_1_256' title='bbox 229 2305 265 2339; x_wconf 91' lang='lat' dir='ltr'>an</span> <span class='ocrx_word' id='word_1_257' title='bbox 287 2288 416 2338; x_wconf 84' lang='lat' dir='ltr'>infelices</span> <span class='ocrx_word' id='word_1_258' title='bbox 443 2293 470 2337; x_wconf 91' lang='lat' dir='ltr'>et</span> <span class='ocrx_word' id='word_1_259' title='bbox 487 2287 578 2336; x_wconf 88' lang='lat' dir='ltr'>malae</span> <span class='ocrx_word' id='word_1_260' title='bbox 598 2287 707 2336; x_wconf 81' lang='lat' dir='ltr'>futurae</span> <span class='ocrx_word' id='word_1_261' title='bbox 727 2292 827 2335; x_wconf 87' lang='lat' dir='ltr'>essent.</span> <span class='ocrx_word' id='word_1_262' title='bbox 865 2287 957 2335; x_wconf 89' lang='lat' dir='ltr'>Possis</span> <span class='ocrx_word' id='word_1_263' title='bbox 976 2286 1111 2350; x_wconf 74' lang='lat' dir='ltr'>crispis-nri</span> <span class='ocrx_word' id='word_1_264' title='bbox 1129 2292 1295 2337; x_wconf 79' lang='lat' dir='ltr'>aestumator.</span> 
     </span>
    </p>
   </div>
   <div class='ocr_carea' id='block_1_5' title="bbox 149 2353 784 2415">
    <p class='ocr_par' dir='ltr' id='par_1_5' title="bbox 149 2353 784 2415">
     <span class='ocr_line' id='line_1_27' title="bbox 149 2353 784 2415; baseline -0.011 -7"><span class='ocrx_word' id='word_1_265' title='bbox 149 2357 264 2408; x_wconf 78' lang='lat' dir='ltr'>setrid.</span> <span class='ocrx_word' id='word_1_266' title='bbox 284 2356 376 2407; x_wconf 76' lang='lat' dir='ltr'>Madv.</span> <span class='ocrx_word' id='word_1_267' title='bbox 397 2355 432 2404; x_wconf 89' lang='lat' dir='ltr'>ad</span> <span class='ocrx_word' id='word_1_268' title='bbox 451 2355 508 2404; x_wconf 87' lang='lat' dir='ltr'>Cic.</span> <span class='ocrx_word' id='word_1_269' title='bbox 529 2355 554 2403; x_wconf 88' lang='lat' dir='ltr'>d.</span> <span class='ocrx_word' id='word_1_270' title='bbox 575 2353 620 2402; x_wconf 85' lang='lat' dir='ltr'>fin.</span> <span class='ocrx_word' id='word_1_271' title='bbox 639 2354 721 2415; x_wconf 76' lang='lat'>1112,</span> <span class='ocrx_word' id='word_1_272' title='bbox 743 2353 784 2401; x_wconf 90' lang='lat'>10.</span> 
     </span>
    </p>
   </div>
   <div class='ocr_carea' id='block_1_6' title="bbox 150 2487 1296 2870">
    <p class='ocr_par' dir='ltr' id='par_1_6' title="bbox 150 2487 1296 2870">
     <span class='ocr_line' id='line_1_28' title="bbox 218 2487 1295 2570; baseline 0.002 -21"><span class='ocrx_word' id='word_1_273' title='bbox 218 2491 275 2549; x_wconf 80' lang='lat'>·35</span> <span class='ocrx_word' id='word_1_274' title='bbox 300 2491 359 2570; x_wconf 78' lang='lat' dir='ltr'>[lle.</span> <span class='ocrx_word' id='word_1_275' title='bbox 379 2497 421 2547; x_wconf 80' lang='lat'>50.</span> <span class='ocrx_word' id='word_1_276' title='bbox 445 2493 474 2548; x_wconf 85' lang='lat' dir='ltr'>G.</span> <span class='ocrx_word' id='word_1_277' title='bbox 491 2488 548 2568; x_wconf 77' lang='lat'>28].</span> <span class='ocrx_word' id='word_1_278' title='bbox 586 2492 622 2549; x_wconf 80' lang='lat' dir='ltr'>dt</span> <span class='ocrx_word' id='word_1_279' title='bbox 636 2491 691 2551; x_wconf 88' lang='lat' dir='ltr'>Gn.</span> <span class='ocrx_word' id='word_1_280' title='bbox 710 2487 851 2549; x_wconf 87' lang='lat' dir='ltr'>Lentulus</span> <span class='ocrx_word' id='word_1_281' title='bbox 873 2490 1012 2567; x_wconf 88' lang='lat' dir='ltr'>patriciae</span> <span class='ocrx_word' id='word_1_282' title='bbox 1032 2491 1144 2564; x_wconf 85' lang='lat' dir='ltr'>gentis,</span> <span class='ocrx_word' id='word_1_283' title='bbox 1170 2489 1295 2567; x_wconf 85' lang='lat' dir='ltr'>conlega</span> 
     </span>
     <span class='ocr_line' id='line_1_29' title="bbox 150 2588 1296 2668; baseline -0.002 -16"><span class='ocrx_word' id='word_1_284' title='bbox 150 2595 221 2661; x_wconf 77' lang='lat' dir='ltr'>eius</span> <span class='ocrx_word' id='word_1_285' title='bbox 244 2592 290 2651; x_wconf 90' lang='lat' dir='ltr'>cui</span> <span class='ocrx_word' id='word_1_286' title='bbox 313 2596 542 2668; x_wconf 82' lang='lat' dir='ltr'>cognomentum</span> <span class='ocrx_word' id='word_1_287' title='bbox 559 2589 700 2650; x_wconf 87' lang='lat' dir='ltr'>Clodiano</span> <span class='ocrx_word' id='word_1_288' title='bbox 717 2591 784 2658; x_wconf 87' lang='lat' dir='ltr'>luit,</span> <span class='ocrx_word' id='word_1_289' title='bbox 808 2593 1008 2667; x_wconf 83' lang='lat' dir='ltr'>perincertum</span> <span class='ocrx_word' id='word_1_290' title='bbox 1030 2588 1161 2650; x_wconf 90' lang='lat' dir='ltr'>stolidior</span> <span class='ocrx_word' id='word_1_291' title='bbox 1183 2608 1219 2650; x_wconf 86' lang='lat' dir='ltr'>an</span> <span class='ocrx_word' id='word_1_292' title='bbox 1247 2611 1296 2651; x_wconf 82' lang='lat' dir='ltr'>va·</span> 
     </span>
     <span class='ocr_line' id='line_1_30' title="bbox 150 2689 1296 2771; baseline 0 -18"><span class='ocrx_word' id='word_1_293' title='bbox 150 2695 231 2760; x_wconf 89' lang='lat' dir='ltr'>nior,</span> <span class='ocrx_word' id='word_1_294' title='bbox 262 2690 357 2768; x_wconf 82' lang='lat' dir='ltr'>legem</span> <span class='ocrx_word' id='word_1_295' title='bbox 373 2691 421 2765; x_wconf 64' lang='lat' dir='ltr'>=dc</span> <span class='ocrx_word' id='word_1_296' title='bbox 444 2693 584 2768; x_wconf 87' lang='lat' dir='ltr'>pecunia,</span> <span class='ocrx_word' id='word_1_297' title='bbox 612 2710 700 2771; x_wconf 70' lang='lat' dir='ltr'>quiam</span> <span class='ocrx_word' id='word_1_298' title='bbox 725 2689 804 2752; x_wconf 88' lang='lat' dir='ltr'>Sulla</span> <span class='ocrx_word' id='word_1_299' title='bbox 830 2691 1013 2768; x_wconf 89' lang='lat' dir='ltr'>emptoribus</span> <span class='ocrx_word' id='word_1_300' title='bbox 1035 2690 1182 2751; x_wconf 85' lang='lat' dir='ltr'>bonorum</span> <span class='ocrx_word' id='word_1_301' title='bbox 1204 2694 1296 2753; x_wconf 88' lang='lat' dir='ltr'>remi·</span> 
     </span>
     <span class='ocr_line' id='line_1_31' title="bbox 150 2791 640 2870; baseline 0 -18"><span class='ocrx_word' id='word_1_302' title='bbox 150 2799 242 2860; x_wconf 86' lang='lat' dir='ltr'>serat,</span> <span class='ocrx_word' id='word_1_303' title='bbox 269 2793 414 2868; x_wconf 75' lang='lat' dir='ltr'>exigunda</span> <span class='ocrx_word' id='word_1_304' title='bbox 436 2791 640 2870; x_wconf 82' lang='lat' dir='ltr'>promulgarit.</span> 
     </span>
    </p>
   </div>
   <div class='ocr_carea' id='block_1_7' title="bbox 147 2908 1300 4461">
    <p class='ocr_par' dir='ltr' id='par_1_7' title="bbox 147 2908 1300 4461">
     <span class='ocr_line' id='line_1_32' title="bbox 234 2908 1297 2975; baseline 0.001 -16"><span class='ocrx_word' id='word_1_305' title='bbox 234 2910 314 2959; x_wconf 88' lang='lat' dir='ltr'>Haec</span> <span class='ocrx_word' id='word_1_306' title='bbox 331 2910 418 2960; x_wconf 83' lang='lat' dir='ltr'>verba</span> <span class='ocrx_word' id='word_1_307' title='bbox 438 2908 527 2960; x_wconf 82' lang='lat' dir='ltr'>Gellio</span> <span class='ocrx_word' id='word_1_308' title='bbox 545 2911 578 2959; x_wconf 89' lang='lat' dir='ltr'>N.</span> <span class='ocrx_word' id='word_1_309' title='bbox 598 2910 629 2959; x_wconf 76' lang='grc' dir='ltr'>Α.</span> <span class='ocrx_word' id='word_1_310' title='bbox 650 2910 774 2959; x_wconf 77' lang='lat' dir='ltr'>xvutt</span> <span class='ocrx_word' id='word_1_311' title='bbox 798 2925 925 2959; x_wconf 82' lang='lat' dir='ltr'>caussam</span> <span class='ocrx_word' id='word_1_312' title='bbox 948 2909 1080 2975; x_wconf 86' lang='lat' dir='ltr'>longioris</span> <span class='ocrx_word' id='word_1_313' title='bbox 1098 2910 1297 2975; x_wconf 87' lang='lat' dir='ltr'>disputationis</span> 
     </span>
     <span class='ocr_line' id='line_1_33' title="bbox 150 2977 1297 3044; baseline 0.001 -16"><span class='ocrx_word' id='word_1_314' title='bbox 150 2979 183 3028; x_wconf 90' lang='lat' dir='ltr'>de</span> <span class='ocrx_word' id='word_1_315' title='bbox 202 2977 405 3042; x_wconf 85' lang='lat' dir='ltr'>significatione</span> <span class='ocrx_word' id='word_1_316' title='bbox 424 2977 622 3027; x_wconf 86' lang='lat' dir='ltr'>adiectivorum</span> <span class='ocrx_word' id='word_1_317' title='bbox 634 2995 712 3027; x_wconf 67' lang='lat' dir='ltr'>canen</span> <span class='ocrx_word' id='word_1_318' title='bbox 725 2982 753 3026; x_wconf 88' lang='lat' dir='ltr'>et</span> <span class='ocrx_word' id='word_1_319' title='bbox 769 2980 876 3027; x_wconf 83' lang='lat' dir='ltr'>stolidas</span> <span class='ocrx_word' id='word_1_320' title='bbox 888 2977 1050 3043; x_wconf 86' lang='lat' dir='ltr'>praebuere.</span> <span class='ocrx_word' id='word_1_321' title='bbox 1082 2979 1124 3027; x_wconf 78' lang='lat' dir='ltr'>De</span> <span class='ocrx_word' id='word_1_322' title='bbox 1139 2995 1177 3039; x_wconf 81' lang='lat' dir='ltr'>re,</span> <span class='ocrx_word' id='word_1_323' title='bbox 1191 2979 1225 3028; x_wconf 88' lang='lat' dir='ltr'>de</span> <span class='ocrx_word' id='word_1_324' title='bbox 1241 2995 1297 3044; x_wconf 86' lang='lat' dir='ltr'>qua</span> 
     </span>
     <span class='ocr_line' id='line_1_34' title="bbox 151 3044 1296 3112; baseline 0 -16"><span class='ocrx_word' id='word_1_325' title='bbox 151 3047 208 3112; x_wconf 86' lang='lat' dir='ltr'>cgit</span> <span class='ocrx_word' id='word_1_326' title='bbox 226 3045 272 3095; x_wconf 84' lang='lat' dir='ltr'>lex</span> <span class='ocrx_word' id='word_1_327' title='bbox 289 3044 473 3110; x_wconf 86' lang='lat' dir='ltr'>promulgata,</span> <span class='ocrx_word' id='word_1_328' title='bbox 493 3044 590 3095; x_wconf 80' lang='lat' dir='ltr'>Cicero</span> <span class='ocrx_word' id='word_1_329' title='bbox 608 3046 677 3094; x_wconf 85' lang='lat' dir='ltr'>dixit</span> <span class='ocrx_word' id='word_1_330' title='bbox 699 3062 758 3094; x_wconf 89' lang='lat' dir='ltr'>acc.</span> <span class='ocrx_word' id='word_1_331' title='bbox 777 3045 854 3094; x_wconf 83' lang='lat' dir='ltr'>Verr.</span> <span class='ocrx_word' id='word_1_332' title='bbox 874 3045 917 3095; x_wconf 88' lang='lat'>111</span> <span class='ocrx_word' id='word_1_333' title='bbox 936 3044 982 3105; x_wconf 79' lang='lat'>35,</span> <span class='ocrx_word' id='word_1_334' title='bbox 1000 3044 1047 3106; x_wconf 83' lang='lat'>81,</span> <span class='ocrx_word' id='word_1_335' title='bbox 1072 3051 1115 3095; x_wconf 91' lang='lat' dir='ltr'>set</span> <span class='ocrx_word' id='word_1_336' title='bbox 1133 3047 1173 3095; x_wconf 88' lang='lat' dir='ltr'>ita</span> <span class='ocrx_word' id='word_1_337' title='bbox 1191 3052 1220 3094; x_wconf 91' lang='lat' dir='ltr'>ut</span> <span class='ocrx_word' id='word_1_338' title='bbox 1241 3063 1296 3096; x_wconf 91' lang='lat' dir='ltr'>non</span> 
     </span>
     <span class='ocr_line' id='line_1_35' title="bbox 149 3113 1298 3179; baseline 0.003 -17"><span class='ocrx_word' id='word_1_339' title='bbox 149 3114 255 3179; x_wconf 86' lang='lat' dir='ltr'>legem,</span> <span class='ocrx_word' id='word_1_340' title='bbox 280 3128 372 3162; x_wconf 84' lang='lat' dir='ltr'>verum</span> <span class='ocrx_word' id='word_1_341' title='bbox 398 3113 503 3177; x_wconf 87' lang='lat' dir='ltr'>aliquot</span> <span class='ocrx_word' id='word_1_342' title='bbox 526 3119 639 3162; x_wconf 83' lang='lat' dir='ltr'>senatus</span> <span class='ocrx_word' id='word_1_343' title='bbox 661 3113 786 3163; x_wconf 88' lang='lat' dir='ltr'>consulta</span> <span class='ocrx_word' id='word_1_344' title='bbox 809 3118 1039 3169; x_wconf 79' lang='lat' dir='ltr'>conmemoraret.</span> <span class='ocrx_word' id='word_1_345' title='bbox 1065 3130 1116 3177; x_wconf 90' lang='lat' dir='ltr'>quo</span> <span class='ocrx_word' id='word_1_346' title='bbox 1140 3115 1243 3164; x_wconf 84' lang='lat' dir='ltr'>Kritzii</span> <span class='ocrx_word' id='word_1_347' title='bbox 1269 3121 1298 3165; x_wconf 88' lang='lat' dir='ltr'>et</span> 
     </span>
     <span class='ocr_line' id='line_1_36' title="bbox 149 3177 1297 3245; baseline 0 -14"><span class='ocrx_word' id='word_1_348' title='bbox 149 3180 323 3232; x_wconf 83' lang='lat' dir='ltr'>Mommscuii</span> <span class='ocrx_word' id='word_1_349' title='bbox 341 3177 396 3245; x_wconf 86' lang='lat' dir='ltr'>(H.</span> <span class='ocrx_word' id='word_1_350' title='bbox 416 3181 448 3229; x_wconf 82' lang='lat' dir='ltr'>R.</span> <span class='ocrx_word' id='word_1_351' title='bbox 469 3181 509 3229; x_wconf 90' lang='lat'>111</span> <span class='ocrx_word' id='word_1_352' title='bbox 528 3198 553 3245; x_wconf 92' lang='lat' dir='ltr'>p.</span> <span class='ocrx_word' id='word_1_353' title='bbox 573 3179 621 3244; x_wconf 78' lang='lat' dir='ltr'>ut)</span> <span class='ocrx_word' id='word_1_354' title='bbox 645 3181 786 3230; x_wconf 89' lang='lat' dir='ltr'>sententia</span> <span class='ocrx_word' id='word_1_355' title='bbox 806 3182 857 3231; x_wconf 87' lang='lat' dir='ltr'>Gn.</span> <span class='ocrx_word' id='word_1_356' title='bbox 878 3181 1024 3230; x_wconf 87' lang='lat' dir='ltr'>Lentulum</span> <span class='ocrx_word' id='word_1_357' title='bbox 1050 3198 1103 3230; x_wconf 90' lang='lat' dir='ltr'>nou</span> <span class='ocrx_word' id='word_1_358' title='bbox 1129 3198 1184 3231; x_wconf 85' lang='lat' dir='ltr'>cos.</span> <span class='ocrx_word' id='word_1_359' title='bbox 1211 3199 1236 3230; x_wconf 86' lang='lat' dir='ltr'>a.</span> <span class='ocrx_word' id='word_1_360' title='bbox 1263 3183 1297 3232; x_wconf 74' lang='lat'>72</span> 
     </span>
     <span class='ocr_line' id='line_1_37' title="bbox 150 3246 1296 3315; baseline 0.001 -17"><span class='ocrx_word' id='word_1_361' title='bbox 150 3248 257 3313; x_wconf 86' lang='lat' dir='ltr'>(Drum.</span> <span class='ocrx_word' id='word_1_362' title='bbox 277 3249 304 3298; x_wconf 95' lang='lat' dir='ltr'>II</span> <span class='ocrx_word' id='word_1_363' title='bbox 322 3264 348 3311; x_wconf 91' lang='lat' dir='ltr'>p.</span> <span class='ocrx_word' id='word_1_364' title='bbox 368 3246 438 3308; x_wconf 74' lang='lat'>546),</span> <span class='ocrx_word' id='word_1_365' title='bbox 459 3253 501 3296; x_wconf 89' lang='lat' dir='ltr'>set</span> <span class='ocrx_word' id='word_1_366' title='bbox 519 3264 579 3297; x_wconf 90' lang='lat' dir='ltr'>cum</span> <span class='ocrx_word' id='word_1_367' title='bbox 599 3264 743 3298; x_wconf 83' lang='lat' dir='ltr'>censuram</span> <span class='ocrx_word' id='word_1_368' title='bbox 757 3248 852 3298; x_wconf 87' lang='lat' dir='ltr'>eodem</span> <span class='ocrx_word' id='word_1_369' title='bbox 871 3249 903 3297; x_wconf 88' lang='lat' dir='ltr'>L.</span> <span class='ocrx_word' id='word_1_370' title='bbox 918 3248 1008 3298; x_wconf 85' lang='lat' dir='ltr'>Gellio</span> <span class='ocrx_word' id='word_1_371' title='bbox 1021 3248 1163 3314; x_wconf 83' lang='lat' dir='ltr'>Poplicola</span> <span class='ocrx_word' id='word_1_372' title='bbox 1176 3249 1296 3315; x_wconf 87' lang='lat' dir='ltr'>conlega</span> 
     </span>
     <span class='ocr_line' id='line_1_38' title="bbox 150 3311 1296 3396; baseline 0 -29"><span class='ocrx_word' id='word_1_373' title='bbox 150 3322 259 3384; x_wconf 87' lang='lat' dir='ltr'>gereret</span> <span class='ocrx_word' id='word_1_374' title='bbox 278 3332 304 3364; x_wconf 91' lang='lat' dir='ltr'>a.</span> <span class='ocrx_word' id='word_1_375' title='bbox 323 3314 356 3363; x_wconf 82' lang='lat'>70</span> <span class='ocrx_word' id='word_1_376' title='bbox 375 3313 439 3396; x_wconf 84' lang='lat' dir='ltr'>[vid.</span> <span class='ocrx_word' id='word_1_377' title='bbox 460 3315 577 3366; x_wconf 82' lang='lat' dir='ltr'>Fischer</span> <span class='ocrx_word' id='word_1_378' title='bbox 589 3317 659 3365; x_wconf 85' lang='lat' dir='ltr'>Tab.</span> <span class='ocrx_word' id='word_1_379' title='bbox 674 3333 699 3381; x_wconf 93' lang='lat' dir='ltr'>p.</span> <span class='ocrx_word' id='word_1_380' title='bbox 713 3311 785 3381; x_wconf 66' lang='lat' dir='ltr'>PML</span> <span class='ocrx_word' id='word_1_381' title='bbox 806 3316 895 3381; x_wconf 79' lang='lat' dir='ltr'>legem</span> <span class='ocrx_word' id='word_1_382' title='bbox 912 3316 988 3366; x_wconf 90' lang='lat' dir='ltr'>illam</span> <span class='ocrx_word' id='word_1_383' title='bbox 999 3316 1095 3366; x_wconf 89' lang='lat' dir='ltr'>tulisse</span> <span class='ocrx_word' id='word_1_384' title='bbox 1109 3317 1296 3367; x_wconf 84' lang='lat' dir='ltr'>confirmatur.</span> 
     </span>
     <span class='ocr_line' id='line_1_39' title="bbox 150 3382 1298 3449; baseline 0 -15"><span class='ocrx_word' id='word_1_385' title='bbox 150 3384 229 3445; x_wconf 84' lang='lat' dir='ltr'>Quae</span> <span class='ocrx_word' id='word_1_386' title='bbox 240 3382 335 3433; x_wconf 88' lang='lat' dir='ltr'>eadem</span> <span class='ocrx_word' id='word_1_387' title='bbox 347 3382 450 3448; x_wconf 84' lang='lat' dir='ltr'>aliquid</span> <span class='ocrx_word' id='word_1_388' title='bbox 460 3382 522 3432; x_wconf 88' lang='lat' dir='ltr'>inde</span> <span class='ocrx_word' id='word_1_389' title='bbox 533 3385 692 3433; x_wconf 88' lang='lat' dir='ltr'>munimenti</span> <span class='ocrx_word' id='word_1_390' title='bbox 704 3384 815 3449; x_wconf 80' lang='lat' dir='ltr'>accipit,</span> <span class='ocrx_word' id='word_1_391' title='bbox 827 3385 897 3448; x_wconf 86' lang='lat' dir='ltr'>quod</span> <span class='ocrx_word' id='word_1_392' title='bbox 909 3382 979 3434; x_wconf 87' lang='lat' dir='ltr'>Gell.</span> <span class='ocrx_word' id='word_1_393' title='bbox 990 3383 1008 3434; x_wconf 91' lang='lat' dir='ltr'>l.</span> <span class='ocrx_word' id='word_1_394' title='bbox 1020 3400 1044 3432; x_wconf 92' lang='lat' dir='ltr'>c.</span> <span class='ocrx_word' id='word_1_395' title='bbox 1054 3384 1160 3434; x_wconf 81' lang='lat' dir='ltr'>stolidos</span> <span class='ocrx_word' id='word_1_396' title='bbox 1170 3383 1298 3434; x_wconf 81' lang='lat' dir='ltr'>definivit</span> 
     </span>
     <span class='ocr_line' id='line_1_40' title="bbox 151 3444 1297 3517; baseline 0.001 -16"><span class='ocrx_word' id='word_1_397' title='bbox 151 3467 211 3502; x_wconf 85' lang='lat' dir='ltr'>esse</span> <span class='ocrx_word' id='word_1_398' title='bbox 224 3457 342 3501; x_wconf 82' lang='lat' dir='ltr'>austeros</span> <span class='ocrx_word' id='word_1_399' title='bbox 351 3456 377 3499; x_wconf 86' lang='lat' dir='ltr'>et</span> <span class='ocrx_word' id='word_1_400' title='bbox 391 3455 508 3500; x_wconf 84' lang='lat' dir='ltr'>molestos</span> <span class='ocrx_word' id='word_1_401' title='bbox 523 3458 548 3500; x_wconf 87' lang='lat' dir='ltr'>et</span> <span class='ocrx_word' id='word_1_402' title='bbox 558 3453 689 3516; x_wconf 80' lang='lat' dir='ltr'>inlepidus,</span> <span class='ocrx_word' id='word_1_403' title='bbox 708 3467 770 3517; x_wconf 85' lang='lat' dir='ltr'>quos</span> <span class='ocrx_word' id='word_1_404' title='bbox 784 3453 877 3501; x_wconf 76' lang='lat' dir='ltr'>Graeci</span> <span class='ocrx_word' id='word_1_405' title='bbox 888 3444 1057 3517; x_wconf 76' lang='grc' dir='ltr'><strong><em>μοχθηροὺς</em></strong></span> <span class='ocrx_word' id='word_1_406' title='bbox 1075 3446 1124 3501; x_wconf 82' lang='lat' dir='ltr'>aul</span> <span class='ocrx_word' id='word_1_407' title='bbox 1138 3445 1297 3517; x_wconf 68' lang='lat' dir='ltr'>caprenciis</span> 
     </span>
     <span class='ocr_line' id='line_1_41' title="bbox 150 3519 1297 3584; baseline 0.001 -15"><span class='ocrx_word' id='word_1_408' title='bbox 150 3522 273 3570; x_wconf 78' lang='lat' dir='ltr'>dicerent.</span> <span class='ocrx_word' id='word_1_409' title='bbox 304 3520 374 3568; x_wconf 85' lang='lat' dir='ltr'>Nam</span> <span class='ocrx_word' id='word_1_410' title='bbox 388 3534 531 3568; x_wconf 86' lang='lat' dir='ltr'>censuram</span> <span class='ocrx_word' id='word_1_411' title='bbox 544 3519 619 3567; x_wconf 85' lang='lat' dir='ltr'>illam</span> <span class='ocrx_word' id='word_1_412' title='bbox 633 3535 728 3569; x_wconf 85' lang='lat' dir='ltr'>severe</span> <span class='ocrx_word' id='word_1_413' title='bbox 742 3524 849 3584; x_wconf 88' lang='lat' dir='ltr'>gestam</span> <span class='ocrx_word' id='word_1_414' title='bbox 864 3525 891 3568; x_wconf 89' lang='lat' dir='ltr'>et</span> <span class='ocrx_word' id='word_1_415' title='bbox 904 3519 1002 3568; x_wconf 90' lang='lat' dir='ltr'>multos</span> <span class='ocrx_word' id='word_1_416' title='bbox 1020 3524 1118 3569; x_wconf 88' lang='lat' dir='ltr'>senatu</span> <span class='ocrx_word' id='word_1_417' title='bbox 1131 3524 1218 3569; x_wconf 91' lang='lat' dir='ltr'>motos</span> <span class='ocrx_word' id='word_1_418' title='bbox 1232 3536 1297 3570; x_wconf 88' lang='lat' dir='ltr'>esse</span> 
     </span>
     <span class='ocr_line' id='line_1_42' title="bbox 151 3584 1296 3651; baseline 0.001 -16"><span class='ocrx_word' id='word_1_419' title='bbox 151 3592 261 3637; x_wconf 85' lang='lat' dir='ltr'>constat</span> <span class='ocrx_word' id='word_1_420' title='bbox 281 3584 415 3650; x_wconf 80' lang='lat' dir='ltr'>[Momms.</span> <span class='ocrx_word' id='word_1_421' title='bbox 435 3585 452 3634; x_wconf 98' lang='lat' dir='ltr'>l.</span> <span class='ocrx_word' id='word_1_422' title='bbox 474 3602 497 3634; x_wconf 93' lang='lat' dir='ltr'>c.</span> <span class='ocrx_word' id='word_1_423' title='bbox 517 3602 542 3651; x_wconf 91' lang='lat' dir='ltr'>p.</span> <span class='ocrx_word' id='word_1_424' title='bbox 562 3584 605 3636; x_wconf 80' lang='lat'>93.</span> <span class='ocrx_word' id='word_1_425' title='bbox 626 3588 720 3635; x_wconf 88' lang='lat' dir='ltr'>Drum.</span> <span class='ocrx_word' id='word_1_426' title='bbox 740 3586 757 3635; x_wconf 94' lang='lat' dir='ltr'>l.</span> <span class='ocrx_word' id='word_1_427' title='bbox 779 3591 823 3646; x_wconf 89' lang='lat' dir='ltr'>c.].</span> <span class='ocrx_word' id='word_1_428' title='bbox 856 3587 885 3635; x_wconf 76' lang='lat' dir='ltr'>Si</span> <span class='ocrx_word' id='word_1_429' title='bbox 904 3588 960 3636; x_wconf 88' lang='lat' dir='ltr'>iam</span> <span class='ocrx_word' id='word_1_430' title='bbox 978 3586 1064 3636; x_wconf 82' lang='lat' dir='ltr'>verba</span> <span class='ocrx_word' id='word_1_431' title='bbox 1077 3587 1296 3639; x_wconf 78' lang='lat' dir='ltr'>consideraveri-</span> 
     </span>
     <span class='ocr_line' id='line_1_43' title="bbox 150 3652 1297 3719; baseline 0.002 -16"><span class='ocrx_word' id='word_1_432' title='bbox 150 3669 216 3716; x_wconf 79' lang='lat' dir='ltr'>mus,</span> <span class='ocrx_word' id='word_1_433' title='bbox 238 3654 353 3718; x_wconf 85' lang='lat' dir='ltr'>adparet</span> <span class='ocrx_word' id='word_1_434' title='bbox 372 3653 442 3717; x_wconf 91' lang='lat' dir='ltr'>quod</span> <span class='ocrx_word' id='word_1_435' title='bbox 457 3652 509 3703; x_wconf 89' lang='lat' dir='ltr'>Gn.</span> <span class='ocrx_word' id='word_1_436' title='bbox 524 3654 658 3702; x_wconf 88' lang='lat' dir='ltr'>Lentulus</span> <span class='ocrx_word' id='word_1_437' title='bbox 672 3654 753 3713; x_wconf 77' lang='lat' dir='ltr'>recu,</span> <span class='ocrx_word' id='word_1_438' title='bbox 774 3655 926 3719; x_wconf 89' lang='lat' dir='ltr'>obpositnm</span> <span class='ocrx_word' id='word_1_439' title='bbox 947 3655 1032 3704; x_wconf 84' lang='lat' dir='ltr'>fuisse</span> <span class='ocrx_word' id='word_1_440' title='bbox 1047 3654 1081 3714; x_wconf 81' lang='lat' dir='ltr'>ei,</span> <span class='ocrx_word' id='word_1_441' title='bbox 1098 3655 1168 3718; x_wconf 90' lang='lat' dir='ltr'>quod</span> <span class='ocrx_word' id='word_1_442' title='bbox 1183 3655 1213 3703; x_wconf 92' lang='lat' dir='ltr'>L.</span> <span class='ocrx_word' id='word_1_443' title='bbox 1230 3657 1297 3705; x_wconf 74' lang='lat' dir='ltr'>(tel-</span> 
     </span>
     <span class='ocr_line' id='line_1_44' title="bbox 150 3720 1296 3788; baseline 0.004 -19"><span class='ocrx_word' id='word_1_444' title='bbox 150 3722 201 3770; x_wconf 90' lang='lat' dir='ltr'>lius</span> <span class='ocrx_word' id='word_1_445' title='bbox 221 3727 325 3785; x_wconf 86' lang='lat' dir='ltr'>egerat.</span> <span class='ocrx_word' id='word_1_446' title='bbox 358 3720 437 3782; x_wconf 83' lang='lat' dir='ltr'>Quod</span> <span class='ocrx_word' id='word_1_447' title='bbox 456 3721 518 3785; x_wconf 91' lang='lat' dir='ltr'>quid</span> <span class='ocrx_word' id='word_1_448' title='bbox 539 3721 623 3770; x_wconf 83' lang='lat' dir='ltr'>fucrit</span> <span class='ocrx_word' id='word_1_449' title='bbox 641 3737 805 3786; x_wconf 81' lang='lat' dir='ltr'>qiiumquam</span> <span class='ocrx_word' id='word_1_450' title='bbox 818 3723 948 3771; x_wconf 88' lang='lat' dir='ltr'>traditum</span> <span class='ocrx_word' id='word_1_451' title='bbox 961 3737 1013 3770; x_wconf 81' lang='lat' dir='ltr'>riou</span> <span class='ocrx_word' id='word_1_452' title='bbox 1029 3727 1079 3782; x_wconf 87' lang='lat' dir='ltr'>est,</span> <span class='ocrx_word' id='word_1_453' title='bbox 1098 3729 1190 3772; x_wconf 86' lang='lat' dir='ltr'>tamen</span> <span class='ocrx_word' id='word_1_454' title='bbox 1206 3725 1296 3788; x_wconf 84' lang='lat' dir='ltr'>suspi-</span> 
     </span>
     <span class='ocr_line' id='line_1_45' title="bbox 151 3786 1297 3855; baseline 0.003 -18"><span class='ocrx_word' id='word_1_455' title='bbox 151 3789 209 3837; x_wconf 87' lang='lat' dir='ltr'>eari</span> <span class='ocrx_word' id='word_1_456' title='bbox 227 3803 377 3852; x_wconf 81' lang='lat' dir='ltr'>possumus,</span> <span class='ocrx_word' id='word_1_457' title='bbox 397 3788 574 3837; x_wconf 87' lang='lat' dir='ltr'>severitatem</span> <span class='ocrx_word' id='word_1_458' title='bbox 593 3786 669 3837; x_wconf 89' lang='lat' dir='ltr'>illam</span> <span class='ocrx_word' id='word_1_459' title='bbox 690 3790 717 3837; x_wconf 89' lang='lat' dir='ltr'>in</span> <span class='ocrx_word' id='word_1_460' title='bbox 736 3789 841 3839; x_wconf 90' lang='lat' dir='ltr'>nobiles</span> <span class='ocrx_word' id='word_1_461' title='bbox 859 3791 895 3839; x_wconf 89' lang='lat' dir='ltr'>ab</span> <span class='ocrx_word' id='word_1_462' title='bbox 909 3791 940 3839; x_wconf 87' lang='lat' dir='ltr'>L.</span> <span class='ocrx_word' id='word_1_463' title='bbox 956 3789 1044 3839; x_wconf 89' lang='lat' dir='ltr'>Gellio</span> <span class='ocrx_word' id='word_1_464' title='bbox 1058 3790 1234 3855; x_wconf 86' lang='lat' dir='ltr'>potissumum</span> <span class='ocrx_word' id='word_1_465' title='bbox 1250 3807 1297 3840; x_wconf 83' lang='lat' dir='ltr'>ex·</span> 
     </span>
     <span class='ocr_line' id='line_1_46' title="bbox 151 3856 1297 3921; baseline 0.003 -17"><span class='ocrx_word' id='word_1_466' title='bbox 151 3856 265 3905; x_wconf 81' lang='lat' dir='ltr'>ercitum</span> <span class='ocrx_word' id='word_1_467' title='bbox 280 3871 349 3910; x_wconf 80' lang='lat' dir='ltr'>csse.</span> <span class='ocrx_word' id='word_1_468' title='bbox 371 3856 421 3904; x_wconf 81' lang='lat' dir='ltr'>(ln.</span> <span class='ocrx_word' id='word_1_469' title='bbox 436 3856 592 3917; x_wconf 86' lang='lat' dir='ltr'>Lentulum,</span> <span class='ocrx_word' id='word_1_470' title='bbox 607 3857 752 3921; x_wconf 88' lang='lat' dir='ltr'>patricium</span> <span class='ocrx_word' id='word_1_471' title='bbox 765 3856 912 3918; x_wconf 85' lang='lat' dir='ltr'>homiuem,</span> <span class='ocrx_word' id='word_1_472' title='bbox 932 3858 1022 3907; x_wconf 87' lang='lat' dir='ltr'>minus</span> <span class='ocrx_word' id='word_1_473' title='bbox 1042 3858 1140 3906; x_wconf 85' lang='lat' dir='ltr'>fortem</span> <span class='ocrx_word' id='word_1_474' title='bbox 1159 3873 1189 3906; x_wconf 89' lang='lat' dir='ltr'>se</span> <span class='ocrx_word' id='word_1_475' title='bbox 1204 3862 1297 3908; x_wconf 87' lang='lat' dir='ltr'>osteu-</span> 
     </span>
     <span class='ocr_line' id='line_1_47' title="bbox 149 3923 1297 3990; baseline 0.003 -19"><span class='ocrx_word' id='word_1_476' title='bbox 149 3923 231 3980; x_wconf 77' lang='lat' dir='ltr'>disse.</span> <span class='ocrx_word' id='word_1_477' title='bbox 246 3928 288 3971; x_wconf 90' lang='lat' dir='ltr'>set</span> <span class='ocrx_word' id='word_1_478' title='bbox 300 3928 331 3971; x_wconf 90' lang='lat' dir='ltr'>nt</span> <span class='ocrx_word' id='word_1_479' title='bbox 349 3923 407 3987; x_wconf 89' lang='lat' dir='ltr'>ipse</span> <span class='ocrx_word' id='word_1_480' title='bbox 425 3923 528 3986; x_wconf 88' lang='lat' dir='ltr'>aliquid</span> <span class='ocrx_word' id='word_1_481' title='bbox 547 3924 637 3988; x_wconf 87' lang='lat' dir='ltr'>egisse</span> <span class='ocrx_word' id='word_1_482' title='bbox 655 3924 801 3980; x_wconf 86' lang='lat' dir='ltr'>videretur,</span> <span class='ocrx_word' id='word_1_483' title='bbox 820 3924 909 3990; x_wconf 83' lang='lat' dir='ltr'>legem</span> <span class='ocrx_word' id='word_1_484' title='bbox 924 3925 957 3974; x_wconf 90' lang='lat' dir='ltr'>do</span> <span class='ocrx_word' id='word_1_485' title='bbox 973 3925 1091 3989; x_wconf 90' lang='lat' dir='ltr'>pecunia</span> <span class='ocrx_word' id='word_1_486' title='bbox 1111 3924 1145 3974; x_wconf 90' lang='lat' dir='ltr'>ab</span> <span class='ocrx_word' id='word_1_487' title='bbox 1166 3927 1297 3989; x_wconf 90' lang='lat' dir='ltr'>emptori·</span> 
     </span>
     <span class='ocr_line' id='line_1_48' title="bbox 149 3990 1297 4057; baseline 0.002 -19"><span class='ocrx_word' id='word_1_488' title='bbox 149 3990 199 4040; x_wconf 88' lang='lat' dir='ltr'>bne</span> <span class='ocrx_word' id='word_1_489' title='bbox 217 3990 348 4039; x_wconf 92' lang='lat' dir='ltr'>bonorum</span> <span class='ocrx_word' id='word_1_490' title='bbox 368 3990 505 4056; x_wconf 84' lang='lat' dir='ltr'>exigunda</span> <span class='ocrx_word' id='word_1_491' title='bbox 527 3991 724 4056; x_wconf 85' lang='lat' dir='ltr'>promulgasse.</span> <span class='ocrx_word' id='word_1_492' title='bbox 764 3993 808 4041; x_wconf 89' lang='lat' dir='ltr'>lta</span> <span class='ocrx_word' id='word_1_493' title='bbox 832 3993 939 4041; x_wconf 92' lang='lat' dir='ltr'>demum</span> <span class='ocrx_word' id='word_1_494' title='bbox 957 3992 1141 4057; x_wconf 84' lang='lat' dir='ltr'>intellegitur,</span> <span class='ocrx_word' id='word_1_495' title='bbox 1167 4008 1216 4042; x_wconf 89' lang='lat' dir='ltr'>cnr</span> <span class='ocrx_word' id='word_1_496' title='bbox 1233 3993 1297 4042; x_wconf 87' lang='lat' dir='ltr'>Sal·</span> 
     </span>
     <span class='ocr_line' id='line_1_49' title="bbox 148 4056 1297 4126; baseline 0.003 -21"><span class='ocrx_word' id='word_1_497' title='bbox 148 4056 245 4108; x_wconf 86' lang='lat' dir='ltr'>iustius</span> <span class='ocrx_word' id='word_1_498' title='bbox 263 4060 390 4120; x_wconf 84' lang='lat' dir='ltr'>patriciae</span> <span class='ocrx_word' id='word_1_499' title='bbox 401 4062 485 4122; x_wconf 60' lang='lat' dir='ltr'>pennis</span> <span class='ocrx_word' id='word_1_500' title='bbox 499 4057 640 4114; x_wconf 82' lang='lat' dir='ltr'>adiecerit.</span> <span class='ocrx_word' id='word_1_501' title='bbox 661 4074 766 4122; x_wconf 86' lang='lat' dir='ltr'>quoque</span> <span class='ocrx_word' id='word_1_502' title='bbox 780 4060 838 4109; x_wconf 89' lang='lat' dir='ltr'>iure</span> <span class='ocrx_word' id='word_1_503' title='bbox 851 4061 1050 4126; x_wconf 85' lang='lat' dir='ltr'>gravissumum</span> <span class='ocrx_word' id='word_1_504' title='bbox 1063 4059 1116 4109; x_wconf 92' lang='lat' dir='ltr'>hoc</span> <span class='ocrx_word' id='word_1_505' title='bbox 1128 4060 1297 4125; x_wconf 84' lang='lat' dir='ltr'>vituperium</span> 
     </span>
     <span class='ocr_line' id='line_1_50' title="bbox 148 4125 1298 4193; baseline 0.003 -19"><span class='ocrx_word' id='word_1_506' title='bbox 148 4126 318 4187; x_wconf 82' lang='lat' dir='ltr'>perincertum</span> <span class='ocrx_word' id='word_1_507' title='bbox 340 4127 459 4174; x_wconf 82' lang='lat' dir='ltr'>stolidior</span> <span class='ocrx_word' id='word_1_508' title='bbox 482 4142 515 4173; x_wconf 89' lang='lat' dir='ltr'>an</span> <span class='ocrx_word' id='word_1_509' title='bbox 532 4128 622 4175; x_wconf 83' lang='lat' dir='ltr'>uanior</span> <span class='ocrx_word' id='word_1_510' title='bbox 644 4125 684 4174; x_wconf 92' lang='lat' dir='ltr'>illi</span> <span class='ocrx_word' id='word_1_511' title='bbox 708 4127 865 4175; x_wconf 85' lang='lat' dir='ltr'>iniunxerit.</span> <span class='ocrx_word' id='word_1_512' title='bbox 908 4128 976 4175; x_wconf 85' lang='lat' dir='ltr'>Nam</span> <span class='ocrx_word' id='word_1_513' title='bbox 1001 4128 1046 4191; x_wconf 91' lang='lat' dir='ltr'>qni</span> <span class='ocrx_word' id='word_1_514' title='bbox 1071 4127 1130 4176; x_wconf 89' lang='lat' dir='ltr'>eius</span> <span class='ocrx_word' id='word_1_515' title='bbox 1153 4126 1298 4193; x_wconf 88' lang='lat' dir='ltr'>ingenium</span> 
     </span>
     <span class='ocr_line' id='line_1_51' title="bbox 149 4193 1299 4259; baseline 0.004 -20"><span class='ocrx_word' id='word_1_516' title='bbox 149 4193 265 4250; x_wconf 78' lang='lat' dir='ltr'>noverit,</span> <span class='ocrx_word' id='word_1_517' title='bbox 285 4207 345 4241; x_wconf 93' lang='lat' dir='ltr'>eum</span> <span class='ocrx_word' id='word_1_518' title='bbox 360 4193 538 4242; x_wconf 85' lang='lat' dir='ltr'>severitatem</span> <span class='ocrx_word' id='word_1_519' title='bbox 551 4193 626 4241; x_wconf 85' lang='lat' dir='ltr'>illum</span> <span class='ocrx_word' id='word_1_520' title='bbox 640 4209 694 4242; x_wconf 91' lang='lat' dir='ltr'>uon</span> <span class='ocrx_word' id='word_1_521' title='bbox 707 4195 934 4258; x_wconf 81' lang='lat' dir='ltr'>vituperaturum,</span> <span class='ocrx_word' id='word_1_522' title='bbox 954 4200 997 4243; x_wconf 88' lang='lat' dir='ltr'>set</span> <span class='ocrx_word' id='word_1_523' title='bbox 1010 4195 1184 4243; x_wconf 86' lang='lat' dir='ltr'>laudaturum</span> <span class='ocrx_word' id='word_1_524' title='bbox 1204 4195 1299 4259; x_wconf 89' lang='lat' dir='ltr'>potius</span> 
     </span>
     <span class='ocr_line' id='line_1_52' title="bbox 149 4259 1300 4324; baseline 0.005 -18"><span class='ocrx_word' id='word_1_525' title='bbox 149 4259 234 4308; x_wconf 86' lang='lat' dir='ltr'>t&#39;uisse</span> <span class='ocrx_word' id='word_1_526' title='bbox 253 4259 408 4321; x_wconf 81' lang='lat' dir='ltr'>intelleget.</span> <span class='ocrx_word' id='word_1_527' title='bbox 445 4261 540 4324; x_wconf 84' lang='lat' dir='ltr'>Neque</span> <span class='ocrx_word' id='word_1_528' title='bbox 558 4260 625 4308; x_wconf 93' lang='lat' dir='ltr'>illud</span> <span class='ocrx_word' id='word_1_529' title='bbox 644 4262 778 4310; x_wconf 89' lang='lat' dir='ltr'>incertum</span> <span class='ocrx_word' id='word_1_530' title='bbox 798 4268 854 4319; x_wconf 83' lang='lat' dir='ltr'>cst,</span> <span class='ocrx_word' id='word_1_531' title='bbox 879 4263 1011 4311; x_wconf 79' lang='lat' dir='ltr'>vanitatis</span> <span class='ocrx_word' id='word_1_532' title='bbox 1036 4268 1064 4311; x_wconf 91' lang='lat' dir='ltr'>et</span> <span class='ocrx_word' id='word_1_533' title='bbox 1086 4261 1224 4312; x_wconf 85' lang='lat' dir='ltr'>stultitiae</span> <span class='ocrx_word' id='word_1_534' title='bbox 1244 4265 1300 4312; x_wconf 90' lang='lat' dir='ltr'>cri·</span> 
     </span>
     <span class='ocr_line' id='line_1_53' title="bbox 148 4327 1298 4394; baseline 0.004 -20"><span class='ocrx_word' id='word_1_535' title='bbox 148 4341 209 4375; x_wconf 90' lang='lat' dir='ltr'>men</span> <span class='ocrx_word' id='word_1_536' title='bbox 228 4342 288 4374; x_wconf 89' lang='lat' dir='ltr'>eum</span> <span class='ocrx_word' id='word_1_537' title='bbox 308 4342 361 4374; x_wconf 93' lang='lat' dir='ltr'>uon</span> <span class='ocrx_word' id='word_1_538' title='bbox 381 4327 559 4390; x_wconf 84' lang='lat' dir='ltr'>inpositurum</span> <span class='ocrx_word' id='word_1_539' title='bbox 580 4327 665 4376; x_wconf 79' lang='lat' dir='ltr'>irrisae</span> <span class='ocrx_word' id='word_1_540' title='bbox 682 4330 733 4376; x_wconf 80' lang='lat' dir='ltr'>Gn.</span> <span class='ocrx_word' id='word_1_541' title='bbox 748 4328 874 4383; x_wconf 81' lang='lat' dir='ltr'>Lentule.</span> <span class='ocrx_word' id='word_1_542' title='bbox 894 4330 948 4378; x_wconf 88' lang='lat' dir='ltr'>nisi</span> <span class='ocrx_word' id='word_1_543' title='bbox 967 4331 1029 4394; x_wconf 88' lang='lat' dir='ltr'>ipsa</span> <span class='ocrx_word' id='word_1_544' title='bbox 1047 4329 1097 4378; x_wconf 85' lang='lat' dir='ltr'>illa</span> <span class='ocrx_word' id='word_1_545' title='bbox 1116 4328 1178 4394; x_wconf 89' lang='lat' dir='ltr'>lege</span> <span class='ocrx_word' id='word_1_546' title='bbox 1197 4330 1298 4379; x_wconf 86' lang='lat' dir='ltr'>contir-</span> 
     </span>
     <span class='ocr_line' id='line_1_54' title="bbox 147 4394 1298 4461; baseline 0.007 -21"><span class='ocrx_word' id='word_1_547' title='bbox 147 4394 216 4441; x_wconf 90' lang='lat' dir='ltr'>mari</span> <span class='ocrx_word' id='word_1_548' title='bbox 235 4394 321 4442; x_wconf 87' lang='lat' dir='ltr'>visum</span> <span class='ocrx_word' id='word_1_549' title='bbox 342 4399 424 4442; x_wconf 84' lang='lat' dir='ltr'>esset.</span> <span class='ocrx_word' id='word_1_550' title='bbox 462 4395 539 4454; x_wconf 77' lang='lat' dir='ltr'>Quod</span> <span class='ocrx_word' id='word_1_551' title='bbox 559 4396 581 4444; x_wconf 91' lang='lat' dir='ltr'>si</span> <span class='ocrx_word' id='word_1_552' title='bbox 600 4412 678 4443; x_wconf 76' lang='lat' dir='ltr'>rania</span> <span class='ocrx_word' id='word_1_553' title='bbox 697 4401 725 4445; x_wconf 89' lang='lat' dir='ltr'>et</span> <span class='ocrx_word' id='word_1_554' title='bbox 742 4398 849 4446; x_wconf 87' lang='lat' dir='ltr'>stolidas</span> <span class='ocrx_word' id='word_1_555' title='bbox 867 4397 906 4445; x_wconf 87' lang='lat' dir='ltr'>ita</span> <span class='ocrx_word' id='word_1_556' title='bbox 925 4396 1035 4446; x_wconf 82' lang='lat' dir='ltr'>differre</span> <span class='ocrx_word' id='word_1_557' title='bbox 1049 4397 1224 4461; x_wconf 84' lang='lat' dir='ltr'>perspicuum</span> <span class='ocrx_word' id='word_1_558' title='bbox 1243 4405 1298 4459; x_wconf 86' lang='lat' dir='ltr'>est,</span> 
     </span>
    </p>
   </div>
   <div class='ocr_carea' id='block_1_8' title="bbox 0 0 1396 5010">
    <p class='ocr_par' dir='ltr' id='par_1_8' title="bbox 0 0 1396 5010">
     <span class='ocr_line' id='line_1_55' title="bbox 0 0 1396 5010; baseline 0 0"><span class='ocrx_word' id='word_1_559' title='bbox 0 0 1396 5010; x_wconf 95' lang='lat' dir='ltr'> </span> 
     </span>
    </p>
   </div>
  </div>
 </body>
</html>
