<?xml version="1.0" encoding="UTF-8"?>
<!DOCTYPE html PUBLIC "-//W3C//DTD XHTML 1.0 Transitional//EN"
    "http://www.w3.org/TR/xhtml1/DTD/xhtml1-transitional.dtd">
<html xmlns="http://www.w3.org/1999/xhtml" xml:lang="en" lang="en">
 <head>
  <title>
</title>
<meta http-equiv="Content-Type" content="text/html;charset=utf-8" />
  <meta name='ocr-system' content='tesseract 3.04.00' />
  <meta name='ocr-capabilities' content='ocr_page ocr_carea ocr_par ocr_line ocrx_word'/>
</head>
<body>
  <div class='ocr_page' id='page_1' title='image "./gaisallvsticris00sallgoog/gaisallvsticris00sallgoog_0485.png"; bbox 0 0 2768 5010; ppageno 0'>
   <div class='ocr_carea' id='block_1_1' title="bbox 160 367 992 433">
    <p class='ocr_par' dir='ltr' id='par_1_1' title="bbox 160 367 992 433">
     <span class='ocr_line' id='line_1_1' title="bbox 160 367 992 433; baseline 0 -5"><span class='ocrx_word' id='word_1_1' title='bbox 160 367 219 429; x_wconf 87' lang='lat'><strong>100</strong></span> <span class='ocrx_word' id='word_1_2' title='bbox 478 383 701 427; x_wconf 74' lang='lat' dir='ltr'><strong>unsroataatm</strong></span> <span class='ocrx_word' id='word_1_3' title='bbox 727 385 789 429; x_wconf 83' lang='lat' dir='ltr'><strong>nrn.</strong></span> <span class='ocrx_word' id='word_1_4' title='bbox 814 385 847 428; x_wconf 78' lang='grc' dir='ltr'><strong>ιν</strong></span> <span class='ocrx_word' id='word_1_5' title='bbox 872 379 992 433; x_wconf 66' lang='lat' dir='ltr'><strong>iti-dl.</strong></span> 
     </span>
    </p>
   </div>
   <div class='ocr_carea' id='block_1_2' title="bbox 117 536 1362 1481">
    <p class='ocr_par' dir='ltr' id='par_1_2' title="bbox 117 536 1362 1481">
     <span class='ocr_line' id='line_1_2' title="bbox 160 536 1303 601; baseline 0 -16"><span class='ocrx_word' id='word_1_6' title='bbox 160 536 230 600; x_wconf 88' lang='lat' dir='ltr'><strong>quod</strong></span> <span class='ocrx_word' id='word_1_7' title='bbox 253 536 329 585; x_wconf 80' lang='lat' dir='ltr'><strong>iruulta</strong></span> <span class='ocrx_word' id='word_1_8' title='bbox 353 541 557 586; x_wconf 86' lang='lat' dir='ltr'><strong>conmemorata</strong></span> <span class='ocrx_word' id='word_1_9' title='bbox 581 537 734 601; x_wconf 78' lang='lat' dir='ltr'><strong>scripturae</strong></span> <span class='ocrx_word' id='word_1_10' title='bbox 759 537 921 586; x_wconf 81' lang='lat' dir='ltr'><strong>diversitate</strong></span> <span class='ocrx_word' id='word_1_11' title='bbox 947 537 1019 601; x_wconf 90' lang='lat' dir='ltr'><strong>apud</strong></span> <span class='ocrx_word' id='word_1_12' title='bbox 1039 539 1116 586; x_wconf 73' lang='lat' dir='ltr'><strong>lion.</strong></span> <span class='ocrx_word' id='word_1_13' title='bbox 1136 537 1252 601; x_wconf 81' lang='lat' dir='ltr'><strong>legitur,</strong></span> <span class='ocrx_word' id='word_1_14' title='bbox 1276 537 1303 586; x_wconf 91' lang='lat' dir='ltr'><strong>in</strong></span> 
     </span>
     <span class='ocr_line' id='line_1_3' title="bbox 157 605 1307 670; baseline 0.003 -15"><span class='ocrx_word' id='word_1_15' title='bbox 157 606 282 655; x_wconf 75' lang='lat' dir='ltr'><strong><em>scinditur</em></strong></span> <span class='ocrx_word' id='word_1_16' title='bbox 300 605 511 653; x_wconf 86' lang='lat' dir='ltr'><strong>conmutandum</strong></span> <span class='ocrx_word' id='word_1_17' title='bbox 529 605 701 670; x_wconf 80' lang='lat' dir='ltr'><strong>putaverint,</strong></span> <span class='ocrx_word' id='word_1_18' title='bbox 726 620 780 654; x_wconf 84' lang='lat' dir='ltr'><strong>riou</strong></span> <span class='ocrx_word' id='word_1_19' title='bbox 803 605 935 669; x_wconf 81' lang='lat' dir='ltr'><strong>percipio.</strong></span> <span class='ocrx_word' id='word_1_20' title='bbox 977 606 1019 653; x_wconf 84' lang='lat' dir='ltr'><strong>Ex</strong></span> <span class='ocrx_word' id='word_1_21' title='bbox 1045 607 1085 654; x_wconf 86' lang='lat' dir='ltr'><strong>eis</strong></span> <span class='ocrx_word' id='word_1_22' title='bbox 1105 612 1211 665; x_wconf 87' lang='lat' dir='ltr'><strong>autem,</strong></span> <span class='ocrx_word' id='word_1_23' title='bbox 1233 620 1307 670; x_wconf 86' lang='lat' dir='ltr'><strong>qnae.</strong></span> 
     </span>
     <span class='ocr_line' id='line_1_4' title="bbox 127 662 1305 743; baseline -0.003 -18"><span class='ocrx_word' id='word_1_24' title='bbox 127 719 133 743; x_wconf 12' lang='grc' dir='ltr'><strong>,ι</strong></span> <span class='ocrx_word' id='word_1_25' title='bbox 160 672 329 738; x_wconf 84' lang='lat' dir='ltr'><strong>seripserunt</strong></span> <span class='ocrx_word' id='word_1_26' title='bbox 347 672 445 721; x_wconf 84' lang='lat' dir='ltr'><strong>Strabo</strong></span> <span class='ocrx_word' id='word_1_27' title='bbox 465 669 493 742; x_wconf 22' lang='lat' dir='ltr'><strong>V·</strong></span> <span class='ocrx_word' id='word_1_28' title='bbox 506 689 532 736; x_wconf 90' lang='lat' dir='ltr'><strong>p.</strong></span> <span class='ocrx_word' id='word_1_29' title='bbox 551 669 602 720; x_wconf 77' lang='lat'><strong>‘289</strong></span> <span class='ocrx_word' id='word_1_30' title='bbox 620 672 703 721; x_wconf 77' lang='lat' dir='ltr'><strong>Mein,</strong></span> <span class='ocrx_word' id='word_1_31' title='bbox 738 663 850 737; x_wconf 70' lang='grc' dir='ltr'><strong><em>’λοιπὴ</em></strong></span> <span class='ocrx_word' id='word_1_32' title='bbox 870 663 900 723; x_wconf 83' lang='grc' dir='ltr'><strong>δ’</strong></span> <span class='ocrx_word' id='word_1_33' title='bbox 916 662 1023 721; x_wconf 75' lang='lat' dir='ltr'><strong>&#39;iratist</strong></span> <span class='ocrx_word' id='word_1_34' title='bbox 1041 666 1125 737; x_wconf 78' lang='grc' dir='ltr'><strong><em>στενὴ</em></strong></span> <span class='ocrx_word' id='word_1_35' title='bbox 1143 669 1305 736; x_wconf 53' lang='lat' dir='ltr'><strong>saljada</strong></span> 
     </span>
     <span class='ocr_line' id='line_1_5' title="bbox 117 688 1312 870; baseline 0 -13"><span class='ocrx_word' id='word_1_36' title='bbox 117 732 269 858; x_wconf 74' lang='lat' dir='ltr'><strong>&#39;&#39;ttri</strong></span> <span class='ocrx_word' id='word_1_37' title='bbox 281 730 648 857; x_wconf 49' lang='lat' dir='ltr'><strong>narrassem</strong></span> <span class='ocrx_word' id='word_1_38' title='bbox 666 739 703 857; x_wconf 77' lang='lat' dir='ltr'><strong>a</strong></span> <span class='ocrx_word' id='word_1_39' title='bbox 718 688 1312 870; x_wconf 52' lang='lat' dir='ltr'><strong>distetisset..attint</strong></span> 
     </span>
     <span class='ocr_line' id='line_1_6' title="bbox 160 823 1301 941; baseline 0.001 -18"><span class='ocrx_word' id='word_1_40' title='bbox 160 824 281 940; x_wconf 56' lang='lat' dir='ltr'><strong>gustidsc)</strong></span> <span class='ocrx_word' id='word_1_41' title='bbox 305 824 339 940; x_wconf 54' lang='lat' dir='ltr'><strong>a}</strong></span> <span class='ocrx_word' id='word_1_42' title='bbox 356 869 409 940; x_wconf 71' lang='grc' dir='ltr'><strong>μὲν</strong></span> <span class='ocrx_word' id='word_1_43' title='bbox 427 824 484 925; x_wconf 66' lang='grc' dir='ltr'><strong><em>ὐνγιὸ</em></strong></span> <span class='ocrx_word' id='word_1_44' title='bbox 502 844 553 924; x_wconf 64' lang='grc' dir='ltr'><strong>τὀῠ</strong></span> <span class='ocrx_word' id='word_1_45' title='bbox 561 823 679 939; x_wconf 52' lang='lat' dir='ltr'><strong>wido</strong></span> <span class='ocrx_word' id='word_1_46' title='bbox 703 825 738 939; x_wconf 55' lang='lat' dir='ltr'><strong>dp</strong></span> <span class='ocrx_word' id='word_1_47' title='bbox 756 865 786 924; x_wconf 78' lang='grc' dir='ltr'><strong>δ’</strong></span> <span class='ocrx_word' id='word_1_48' title='bbox 803 866 861 925; x_wconf 73' lang='grc' dir='ltr'><strong>ὑπὸ</strong></span> <span class='ocrx_word' id='word_1_49' title='bbox 877 823 931 925; x_wconf 53' lang='lat' dir='ltr'><strong>dod</strong></span> <span class='ocrx_word' id='word_1_50' title='bbox 953 825 1142 941; x_wconf 48' lang='lat' dir='ltr'><strong>Tapppdcfod</strong></span> <span class='ocrx_word' id='word_1_51' title='bbox 1150 867 1301 940; x_wconf 73' lang='grc' dir='ltr'><em>πελάγους,</em></span> 
     </span>
     <span class='ocr_line' id='line_1_7' title="bbox 160 942 1303 1008; baseline -0.001 -17"><span class='ocrx_word' id='word_1_52' title='bbox 160 950 188 991; x_wconf 86' lang='lat' dir='ltr'><strong>et</strong></span> <span class='ocrx_word' id='word_1_53' title='bbox 206 944 299 1008; x_wconf 90' lang='lat' dir='ltr'><strong>Pomp.</strong></span> <span class='ocrx_word' id='word_1_54' title='bbox 318 943 384 992; x_wconf 79' lang='lat' dir='ltr'><strong>Met.</strong></span> <span class='ocrx_word' id='word_1_55' title='bbox 411 944 487 1002; x_wconf 70' lang='lat'><strong>114,</strong></span> <span class='ocrx_word' id='word_1_56' title='bbox 509 942 542 997; x_wconf 77' lang='lat' dir='ltr'><strong>l:‚</strong></span> <span class='ocrx_word' id='word_1_57' title='bbox 564 944 657 993; x_wconf 85' lang='lat' dir='ltr'><strong>Veram</strong></span> <span class='ocrx_word' id='word_1_58' title='bbox 675 943 717 992; x_wconf 81' lang='lat' dir='ltr'><strong>udi</strong></span> <span class='ocrx_word' id='word_1_59' title='bbox 734 946 807 1006; x_wconf 73' lang='lat' dir='ltr'><strong>lonae</strong></span> <span class='ocrx_word' id='word_1_60' title='bbox 825 944 891 996; x_wconf 82' lang='lat' dir='ltr'><strong>obit.</strong></span> <span class='ocrx_word' id='word_1_61' title='bbox 915 947 939 992; x_wconf 83' lang='lat' dir='ltr'><strong>ia</strong></span> <span class='ocrx_word' id='word_1_62' title='bbox 963 945 1012 992; x_wconf 74' lang='lat' dir='ltr'><strong>dcco</strong></span> <span class='ocrx_word' id='word_1_63' title='bbox 1036 959 1158 993; x_wconf 81' lang='lat' dir='ltr'><strong>cornua</strong></span> <span class='ocrx_word' id='word_1_64' title='bbox 1179 945 1303 993; x_wconf 79' lang='lat' dir='ltr'><strong>scinditur</strong></span> 
     </span>
     <span class='ocr_line' id='line_1_8' title="bbox 159 993 1301 1076; baseline 0 -18"><span class='ocrx_word' id='word_1_65' title='bbox 159 1013 313 1076; x_wconf 77' lang='lat' dir='ltr'><strong>respicitqne</strong></span> <span class='ocrx_word' id='word_1_66' title='bbox 326 1014 408 1060; x_wconf 86' lang='lat' dir='ltr'><strong>altero</strong></span> <span class='ocrx_word' id='word_1_67' title='bbox 421 993 653 1074; x_wconf 64' lang='lat' dir='ltr'><strong>Sicalandpelapas.</strong></span> <span class='ocrx_word' id='word_1_68' title='bbox 673 1014 754 1060; x_wconf 83' lang='lat' dir='ltr'><strong>attero</strong></span> <span class='ocrx_word' id='word_1_69' title='bbox 769 1011 874 1062; x_wconf 77' lang='lat' dir='ltr'><strong>landem.</strong></span> <span class='ocrx_word' id='word_1_70' title='bbox 893 1017 948 1060; x_wconf 87' lang='lat' dir='ltr'><strong>tota</strong></span> <span class='ocrx_word' id='word_1_71' title='bbox 961 1018 1069 1075; x_wconf 74' lang='lat' dir='ltr'><strong>aapasta</strong></span> <span class='ocrx_word' id='word_1_72' title='bbox 1086 1018 1110 1060; x_wconf 84' lang='lat' dir='ltr'><strong>ct</strong></span> <span class='ocrx_word' id='word_1_73' title='bbox 1124 1011 1219 1060; x_wconf 86' lang='lat' dir='ltr'><strong>alieubi</strong></span> <span class='ocrx_word' id='word_1_74' title='bbox 1228 1014 1301 1059; x_wconf 82' lang='lat' dir='ltr'><strong>raalio</strong></span> 
     </span>
     <span class='ocr_line' id='line_1_9' title="bbox 160 1077 1301 1144; baseline -0.001 -17"><span class='ocrx_word' id='word_1_75' title='bbox 160 1095 231 1144; x_wconf 81' lang='lat' dir='ltr'><strong>qaam</strong></span> <span class='ocrx_word' id='word_1_76' title='bbox 249 1081 314 1128; x_wconf 84' lang='lat' dir='ltr'><strong>ande</strong></span> <span class='ocrx_word' id='word_1_77' title='bbox 332 1083 415 1141; x_wconf 84' lang='lat' dir='ltr'><strong>coepit</strong></span> <span class='ocrx_word' id='word_1_78' title='bbox 434 1081 566 1141; x_wconf 73' lang='lat' dir='ltr'><strong>aapmtior</strong></span> <span class='ocrx_word' id='word_1_79' title='bbox 584 1077 670 1137; x_wconf 88' lang='lat' dir='ltr'><strong>(conl.</strong></span> <span class='ocrx_word' id='word_1_80' title='bbox 690 1078 756 1127; x_wconf 84' lang='lat' dir='ltr'>ibid.</span> <span class='ocrx_word' id='word_1_81' title='bbox 775 1080 816 1140; x_wconf 77' lang='lat'><strong>8),</strong></span> <span class='ocrx_word' id='word_1_82' title='bbox 834 1084 865 1126; x_wconf 90' lang='lat' dir='ltr'><strong>ut</strong></span> <span class='ocrx_word' id='word_1_83' title='bbox 884 1095 917 1127; x_wconf 86' lang='lat' dir='ltr'><strong>ex</strong></span> <span class='ocrx_word' id='word_1_84' title='bbox 935 1079 1003 1142; x_wconf 85' lang='lat' dir='ltr'><strong>ipsis</strong></span> <span class='ocrx_word' id='word_1_85' title='bbox 1022 1079 1135 1139; x_wconf 78' lang='lat' dir='ltr'><strong>tlallpsti</strong></span> <span class='ocrx_word' id='word_1_86' title='bbox 1153 1077 1246 1128; x_wconf 84' lang='lat' dir='ltr'><strong>verbis</strong></span> <span class='ocrx_word' id='word_1_87' title='bbox 1264 1077 1301 1126; x_wconf 90' lang='lat' dir='ltr'><strong>in·</strong></span> 
     </span>
     <span class='ocr_line' id='line_1_10' title="bbox 160 1145 1362 1211; baseline -0.001 -17"><span class='ocrx_word' id='word_1_88' title='bbox 160 1145 302 1211; x_wconf 81' lang='lat' dir='ltr'><strong>tellegitur</strong></span> <span class='ocrx_word' id='word_1_89' title='bbox 320 1162 380 1194; x_wconf 89' lang='lat' dir='ltr'><strong>eum</strong></span> <span class='ocrx_word' id='word_1_90' title='bbox 399 1147 578 1210; x_wconf 82' lang='lat' dir='ltr'><strong>promunturii</strong></span> <span class='ocrx_word' id='word_1_91' title='bbox 604 1146 738 1195; x_wconf 84' lang='lat' dir='ltr'><strong>vocabulo</strong></span> <span class='ocrx_word' id='word_1_92' title='bbox 763 1161 817 1195; x_wconf 87' lang='lat' dir='ltr'><strong>non</strong></span> <span class='ocrx_word' id='word_1_93' title='bbox 839 1145 873 1195; x_wconf 89' lang='lat' dir='ltr'><strong>de</strong></span> <span class='ocrx_word' id='word_1_94' title='bbox 893 1147 1022 1195; x_wconf 81' lang='lat' dir='ltr'><strong>extremis</strong></span> <span class='ocrx_word' id='word_1_95' title='bbox 1041 1146 1069 1194; x_wconf 90' lang='lat' dir='ltr'><strong>in</strong></span> <span class='ocrx_word' id='word_1_96' title='bbox 1088 1145 1173 1195; x_wconf 88' lang='lat' dir='ltr'><strong>altum</strong></span> <span class='ocrx_word' id='word_1_97' title='bbox 1192 1160 1300 1210; x_wconf 87' lang='lat' dir='ltr'><strong>procur·</strong></span> <span class='ocrx_word' id='word_1_98' title='bbox 1360 1206 1362 1211; x_wconf 26' lang='grc' dir='ltr'>Ι</span> 
     </span>
     <span class='ocr_line' id='line_1_11' title="bbox 160 1212 1301 1278; baseline -0.001 -16"><span class='ocrx_word' id='word_1_99' title='bbox 160 1215 284 1264; x_wconf 87' lang='lat' dir='ltr'><strong>rentibus</strong></span> <span class='ocrx_word' id='word_1_100' title='bbox 301 1213 417 1277; x_wconf 77' lang='lat' dir='ltr'><strong>linguis,</strong></span> <span class='ocrx_word' id='word_1_101' title='bbox 438 1220 481 1262; x_wconf 87' lang='lat' dir='ltr'><strong>set</strong></span> <span class='ocrx_word' id='word_1_102' title='bbox 498 1213 531 1262; x_wconf 91' lang='lat' dir='ltr'><strong>de</strong></span> <span class='ocrx_word' id='word_1_103' title='bbox 551 1213 722 1277; x_wconf 88' lang='lat' dir='ltr'><strong>paeninsnlis</strong></span> <span class='ocrx_word' id='word_1_104' title='bbox 741 1214 769 1264; x_wconf 89' lang='lat' dir='ltr'><strong>in</strong></span> <span class='ocrx_word' id='word_1_105' title='bbox 787 1229 863 1262; x_wconf 87' lang='lat' dir='ltr'><strong>mare</strong></span> <span class='ocrx_word' id='word_1_106' title='bbox 882 1213 1096 1278; x_wconf 74' lang='lat' dir='ltr'><strong>prominentibus</strong></span> <span class='ocrx_word' id='word_1_107' title='bbox 1114 1213 1227 1263; x_wconf 84' lang='lat' dir='ltr'><strong>dixisse.</strong></span> <span class='ocrx_word' id='word_1_108' title='bbox 1258 1212 1301 1262; x_wconf 75' lang='lat' dir='ltr'><strong>sio</strong></span> 
     </span>
     <span class='ocr_line' id='line_1_12' title="bbox 160 1280 1302 1346; baseline -0.002 -16"><span class='ocrx_word' id='word_1_109' title='bbox 160 1281 299 1331; x_wconf 83' lang='lat' dir='ltr'><strong>Pacuvius</strong></span> <span class='ocrx_word' id='word_1_110' title='bbox 317 1280 350 1330; x_wconf 68' lang='lat' dir='ltr'><strong>lli</strong></span> <span class='ocrx_word' id='word_1_111' title='bbox 370 1280 410 1328; x_wconf 87' lang='lat' dir='ltr'><strong>ed.</strong></span> <span class='ocrx_word' id='word_1_112' title='bbox 432 1280 512 1329; x_wconf 84' lang='lat' dir='ltr'><strong>llibb.</strong></span> <span class='ocrx_word' id='word_1_113' title='bbox 532 1281 564 1329; x_wconf 89' lang='lat' dir='ltr'><strong>dc</strong></span> <span class='ocrx_word' id='word_1_114' title='bbox 585 1281 634 1329; x_wconf 89' lang='lat' dir='ltr'><strong>Ida</strong></span> <span class='ocrx_word' id='word_1_115' title='bbox 653 1281 818 1345; x_wconf 79' lang='lat' dir='ltr'><strong>scripserat:</strong></span> <span class='ocrx_word' id='word_1_116' title='bbox 844 1282 1047 1330; x_wconf 78' lang='lat' dir='ltr'><strong>Pramamnriam</strong></span> <span class='ocrx_word' id='word_1_117' title='bbox 1071 1284 1159 1346; x_wconf 78' lang='lat' dir='ltr'><strong>precius</strong></span> <span class='ocrx_word' id='word_1_118' title='bbox 1176 1284 1263 1345; x_wconf 79' lang='lat' dir='ltr'><strong>tiapaa</strong></span> <span class='ocrx_word' id='word_1_119' title='bbox 1279 1282 1302 1328; x_wconf 83' lang='lat' dir='ltr'><strong>ia</strong></span> 
     </span>
     <span class='ocr_line' id='line_1_13' title="bbox 160 1346 1302 1413; baseline -0.003 -15"><span class='ocrx_word' id='word_1_120' title='bbox 160 1352 235 1398; x_wconf 82' lang='lat' dir='ltr'><strong>altura</strong></span> <span class='ocrx_word' id='word_1_121' title='bbox 251 1350 365 1411; x_wconf 50' lang='lat' dir='ltr'><strong>proici&amp;</strong></span> <span class='ocrx_word' id='word_1_122' title='bbox 390 1348 440 1396; x_wconf 86' lang='lat' dir='ltr'><strong>cir.</strong></span> <span class='ocrx_word' id='word_1_123' title='bbox 460 1348 541 1396; x_wconf 82' lang='lat' dir='ltr'><strong>Caes.</strong></span> <span class='ocrx_word' id='word_1_124' title='bbox 561 1349 592 1396; x_wconf 92' lang='lat' dir='ltr'><strong>B.</strong></span> <span class='ocrx_word' id='word_1_125' title='bbox 609 1352 640 1395; x_wconf 70' lang='lat' dir='ltr'><strong>te.</strong></span> <span class='ocrx_word' id='word_1_126' title='bbox 656 1349 695 1397; x_wconf 92' lang='lat' dir='ltr'><strong>lll</strong></span> <span class='ocrx_word' id='word_1_127' title='bbox 717 1348 760 1396; x_wconf 74' lang='lat'><strong>12:</strong></span> <span class='ocrx_word' id='word_1_128' title='bbox 785 1346 907 1412; x_wconf 81' lang='lat' dir='ltr'><strong>(oppida)</strong></span> <span class='ocrx_word' id='word_1_129' title='bbox 923 1352 1010 1412; x_wconf 84' lang='lat' dir='ltr'><strong>posita</strong></span> <span class='ocrx_word' id='word_1_130' title='bbox 1027 1352 1053 1397; x_wconf 86' lang='lat' dir='ltr'><strong>ia</strong></span> <span class='ocrx_word' id='word_1_131' title='bbox 1071 1353 1171 1413; x_wconf 75' lang='lat' dir='ltr'><strong>{inpetis</strong></span> <span class='ocrx_word' id='word_1_132' title='bbox 1186 1364 1302 1412; x_wconf 73' lang='lat' dir='ltr'><strong>praarnn</strong></span> 
     </span>
     <span class='ocr_line' id='line_1_14' title="bbox 160 1416 502 1481; baseline -0.006 -16"><span class='ocrx_word' id='word_1_133' title='bbox 160 1419 282 1481; x_wconf 67' lang='lat' dir='ltr'><strong>utrimque</strong></span> <span class='ocrx_word' id='word_1_134' title='bbox 301 1416 367 1479; x_wconf 85' lang='lat' dir='ltr'><strong>ibiq.</strong></span> <span class='ocrx_word' id='word_1_135' title='bbox 388 1417 502 1464; x_wconf 77' lang='lat' dir='ltr'><strong>liraner.</strong></span> 
     </span>
    </p>
   </div>
   <div class='ocr_carea' id='block_1_3' title="bbox 163 1532 1301 1713">
    <p class='ocr_par' dir='ltr' id='par_1_3' title="bbox 163 1532 1301 1713">
     <span class='ocr_line' id='line_1_15' title="bbox 240 1532 1301 1624; baseline 0 -32"><span class='ocrx_word' id='word_1_136' title='bbox 240 1535 286 1594; x_wconf 69' lang='lat' dir='ltr'><strong>‘tn</strong></span> <span class='ocrx_word' id='word_1_137' title='bbox 310 1533 370 1612; x_wconf 87' lang='lat' dir='ltr'><strong>[llr.</strong></span> <span class='ocrx_word' id='word_1_138' title='bbox 388 1540 429 1591; x_wconf 79' lang='grc'><strong>34.</strong></span> <span class='ocrx_word' id='word_1_139' title='bbox 459 1539 489 1590; x_wconf 79' lang='lat' dir='ltr'><strong>n.</strong></span> <span class='ocrx_word' id='word_1_140' title='bbox 506 1532 560 1624; x_wconf 59' lang='grc'><strong>14].</strong></span> <span class='ocrx_word' id='word_1_141' title='bbox 610 1535 652 1593; x_wconf 79' lang='lat' dir='ltr'><strong>Ad</strong></span> <span class='ocrx_word' id='word_1_142' title='bbox 681 1535 808 1595; x_wconf 80' lang='lat' dir='ltr'><strong>siciliam</strong></span> <span class='ocrx_word' id='word_1_143' title='bbox 838 1552 961 1611; x_wconf 81' lang='lat' dir='ltr'><strong>uergens</strong></span> <span class='ocrx_word' id='word_1_144' title='bbox 992 1533 1124 1594; x_wconf 78' lang='lat' dir='ltr'><strong>scurribus</strong></span> <span class='ocrx_word' id='word_1_145' title='bbox 1153 1536 1225 1611; x_wconf 90' lang='lat' dir='ltr'><strong>ipsis</strong></span> <span class='ocrx_word' id='word_1_146' title='bbox 1246 1553 1301 1593; x_wconf 84' lang='lat' dir='ltr'><strong>ureu</strong></span> 
     </span>
     <span class='ocr_line' id='line_1_16' title="bbox 163 1633 875 1713; baseline 0 -19"><span class='ocrx_word' id='word_1_147' title='bbox 163 1633 286 1712; x_wconf 87' lang='lat' dir='ltr'><strong>amplius</strong></span> <span class='ocrx_word' id='word_1_148' title='bbox 310 1639 388 1711; x_wconf 85' lang='lat' dir='ltr'><strong>patet</strong></span> <span class='ocrx_word' id='word_1_149' title='bbox 410 1633 528 1694; x_wconf 72' lang='lat' dir='ltr'><strong>utilibus</strong></span> <span class='ocrx_word' id='word_1_150' title='bbox 547 1636 676 1713; x_wconf 85' lang='lat' dir='ltr'><strong>quinque</strong></span> <span class='ocrx_word' id='word_1_151' title='bbox 699 1642 727 1695; x_wconf 87' lang='lat' dir='ltr'><strong>et</strong></span> <span class='ocrx_word' id='word_1_152' title='bbox 748 1637 875 1712; x_wconf 79' lang='lat' dir='ltr'><strong>triginta.</strong></span> 
     </span>
    </p>
   </div>
   <div class='ocr_carea' id='block_1_4' title="bbox 159 1752 1304 2290">
    <p class='ocr_par' dir='ltr' id='par_1_4' title="bbox 159 1752 1304 2290">
     <span class='ocr_line' id='line_1_17' title="bbox 247 1752 1301 1818; baseline 0.002 -18"><span class='ocrx_word' id='word_1_153' title='bbox 247 1752 397 1801; x_wconf 83' lang='lat' dir='ltr'><strong>Arusianus</strong></span> <span class='ocrx_word' id='word_1_154' title='bbox 416 1769 441 1817; x_wconf 93' lang='lat' dir='ltr'><strong>p.</strong></span> <span class='ocrx_word' id='word_1_155' title='bbox 462 1753 511 1801; x_wconf 72' lang='lat' dir='ltr'><strong>&#39;tat</strong></span> <span class='ocrx_word' id='word_1_156' title='bbox 530 1771 551 1801; x_wconf 85' lang='lat' dir='ltr'><strong>s.</strong></span> <span class='ocrx_word' id='word_1_157' title='bbox 571 1769 596 1803; x_wconf 81' lang='lat' dir='ltr'><strong>r.</strong></span> <span class='ocrx_word' id='word_1_158' title='bbox 621 1760 693 1816; x_wconf 88' lang='lat' dir='ltr'><strong>patet</strong></span> <span class='ocrx_word' id='word_1_159' title='bbox 713 1760 751 1802; x_wconf 87' lang='lat' dir='ltr'><strong>tot</strong></span> <span class='ocrx_word' id='word_1_160' title='bbox 768 1754 887 1817; x_wconf 80' lang='lat' dir='ltr'><strong>pedibus,</strong></span> <span class='ocrx_word' id='word_1_161' title='bbox 914 1769 992 1818; x_wconf 88' lang='lat' dir='ltr'><strong>quem</strong></span> <span class='ocrx_word' id='word_1_162' title='bbox 1014 1752 1103 1803; x_wconf 88' lang='lat' dir='ltr'><strong>lecum</strong></span> <span class='ocrx_word' id='word_1_163' title='bbox 1127 1753 1201 1803; x_wconf 89' lang='lat' dir='ltr'><strong>male</strong></span> <span class='ocrx_word' id='word_1_164' title='bbox 1223 1753 1301 1802; x_wconf 86' lang='lat' dir='ltr'><strong>intel·</strong></span> 
     </span>
     <span class='ocr_line' id='line_1_18' title="bbox 163 1811 1303 1885; baseline 0.002 -17"><span class='ocrx_word' id='word_1_165' title='bbox 163 1819 264 1870; x_wconf 83' lang='lat' dir='ltr'><strong>lexisse</strong></span> <span class='ocrx_word' id='word_1_166' title='bbox 287 1825 373 1885; x_wconf 88' lang='lat' dir='ltr'><strong>patet.</strong></span> <span class='ocrx_word' id='word_1_167' title='bbox 416 1821 483 1869; x_wconf 70' lang='lat' dir='ltr'><strong>Cum</strong></span> <span class='ocrx_word' id='word_1_168' title='bbox 504 1820 685 1871; x_wconf 53' lang='lat' dir='ltr'><strong>Phil-,Crass</strong></span> <span class='ocrx_word' id='word_1_169' title='bbox 712 1837 735 1870; x_wconf 88' lang='lat' dir='ltr'><strong>e.</strong></span> <span class='ocrx_word' id='word_1_170' title='bbox 757 1820 787 1870; x_wconf 78' lang='lat'><strong>12</strong></span> <span class='ocrx_word' id='word_1_171' title='bbox 809 1813 923 1885; x_wconf 77' lang='grc' dir='ltr'><strong><em>τάφρον</em></strong></span> <span class='ocrx_word' id='word_1_172' title='bbox 947 1813 1077 1885; x_wconf 71' lang='grc' dir='ltr'><strong><em>ἐμβαλών</em></strong></span> <span class='ocrx_word' id='word_1_173' title='bbox 1100 1811 1131 1871; x_wconf 73' lang='grc' dir='ltr'><strong>ἐκ</strong></span> <span class='ocrx_word' id='word_1_174' title='bbox 1156 1813 1303 1885; x_wconf 71' lang='grc' dir='ltr'><strong>θαλάσσης</strong></span> 
     </span>
     <span class='ocr_line' id='line_1_19' title="bbox 164 1877 1302 1953; baseline -0.002 -15"><span class='ocrx_word' id='word_1_175' title='bbox 164 1881 206 1946; x_wconf 73' lang='grc' dir='ltr'><strong>εἰς</strong></span> <span class='ocrx_word' id='word_1_176' title='bbox 229 1879 381 1938; x_wconf 74' lang='grc' dir='ltr'><strong><em>θάλασσαν</em></strong></span> <span class='ocrx_word' id='word_1_177' title='bbox 404 1881 453 1937; x_wconf 76' lang='grc' dir='ltr'><strong>διὰ</strong></span> <span class='ocrx_word' id='word_1_178' title='bbox 477 1887 527 1937; x_wconf 81' lang='grc' dir='ltr'><strong>τοῦ</strong></span> <span class='ocrx_word' id='word_1_179' title='bbox 551 1877 672 1952; x_wconf 75' lang='grc' dir='ltr'><strong><em>αὐχένος</em></strong></span> <span class='ocrx_word' id='word_1_180' title='bbox 695 1886 820 1938; x_wconf 79' lang='grc' dir='ltr'><strong><em>σταδίων</em></strong></span> <span class='ocrx_word' id='word_1_181' title='bbox 842 1886 1013 1952; x_wconf 76' lang='grc' dir='ltr'><strong><em>τριακοσίων</em></strong></span> <span class='ocrx_word' id='word_1_182' title='bbox 1036 1889 1191 1953; x_wconf 77' lang='lat' dir='ltr'><strong>scripserit,</strong></span> <span class='ocrx_word' id='word_1_183' title='bbox 1215 1902 1302 1952; x_wconf 85' lang='lat' dir='ltr'><strong>eaque</strong></span> 
     </span>
     <span class='ocr_line' id='line_1_20' title="bbox 163 1954 1302 2021; baseline -0.001 -16"><span class='ocrx_word' id='word_1_184' title='bbox 163 1955 305 2020; x_wconf 80' lang='lat' dir='ltr'><strong>longitudo</strong></span> <span class='ocrx_word' id='word_1_185' title='bbox 324 1955 359 2004; x_wconf 86' lang='lat' dir='ltr'><strong>ad</strong></span> <span class='ocrx_word' id='word_1_186' title='bbox 377 1972 531 2005; x_wconf 86' lang='lat' dir='ltr'><strong>mansuram</strong></span> <span class='ocrx_word' id='word_1_187' title='bbox 551 1957 585 2004; x_wconf 89' lang='lat' dir='ltr'><strong>ab</strong></span> <span class='ocrx_word' id='word_1_188' title='bbox 605 1956 735 2005; x_wconf 81' lang='lat' dir='ltr'><strong>Sallustio</strong></span> <span class='ocrx_word' id='word_1_189' title='bbox 758 1955 860 2007; x_wconf 88' lang='lat' dir='ltr'><strong>dictam</strong></span> <span class='ocrx_word' id='word_1_190' title='bbox 879 1971 1008 2021; x_wconf 84' lang='lat' dir='ltr'><strong>proxume</strong></span> <span class='ocrx_word' id='word_1_191' title='bbox 1027 1955 1160 2016; x_wconf 83' lang='lat' dir='ltr'><strong>adcedat,</strong></span> <span class='ocrx_word' id='word_1_192' title='bbox 1184 1971 1238 2005; x_wconf 89' lang='lat' dir='ltr'><strong>nou</strong></span> <span class='ocrx_word' id='word_1_193' title='bbox 1256 1954 1302 2004; x_wconf 90' lang='lat' dir='ltr'><strong>du·</strong></span> 
     </span>
     <span class='ocr_line' id='line_1_21' title="bbox 163 2023 1303 2088; baseline -0.003 -15"><span class='ocrx_word' id='word_1_194' title='bbox 163 2023 237 2073; x_wconf 89' lang='lat' dir='ltr'><strong>bium</strong></span> <span class='ocrx_word' id='word_1_195' title='bbox 257 2030 312 2082; x_wconf 86' lang='lat' dir='ltr'><strong>est,</strong></span> <span class='ocrx_word' id='word_1_196' title='bbox 338 2024 402 2087; x_wconf 92' lang='lat' dir='ltr'><strong>quin</strong></span> <span class='ocrx_word' id='word_1_197' title='bbox 421 2024 465 2073; x_wconf 90' lang='lat' dir='ltr'><strong>hie</strong></span> <span class='ocrx_word' id='word_1_198' title='bbox 485 2039 545 2072; x_wconf 90' lang='lat' dir='ltr'><strong>eum</strong></span> <span class='ocrx_word' id='word_1_199' title='bbox 563 2024 653 2073; x_wconf 84' lang='lat' dir='ltr'><strong>locum</strong></span> <span class='ocrx_word' id='word_1_200' title='bbox 676 2023 834 2088; x_wconf 79' lang='lat' dir='ltr'><strong>siguificare</strong></span> <span class='ocrx_word' id='word_1_201' title='bbox 859 2024 990 2082; x_wconf 83' lang='lat' dir='ltr'><strong>voluerit,</strong></span> <span class='ocrx_word' id='word_1_202' title='bbox 1014 2038 1062 2088; x_wconf 89' lang='lat' dir='ltr'><strong>per</strong></span> <span class='ocrx_word' id='word_1_203' title='bbox 1085 2039 1163 2088; x_wconf 88' lang='lat' dir='ltr'><strong>quem</strong></span> <span class='ocrx_word' id='word_1_204' title='bbox 1188 2023 1303 2073; x_wconf 83' lang='lat' dir='ltr'><strong>Crassus</strong></span> 
     </span>
     <span class='ocr_line' id='line_1_22' title="bbox 164 2090 1304 2156; baseline -0.002 -16"><span class='ocrx_word' id='word_1_205' title='bbox 164 2091 266 2141; x_wconf 84' lang='lat' dir='ltr'><strong>lessam</strong></span> <span class='ocrx_word' id='word_1_206' title='bbox 284 2091 361 2140; x_wconf 80' lang='lat' dir='ltr'><strong>duxit</strong></span> <span class='ocrx_word' id='word_1_207' title='bbox 380 2092 447 2154; x_wconf 86' lang='lat' dir='ltr'><strong>(eir.</strong></span> <span class='ocrx_word' id='word_1_208' title='bbox 471 2092 594 2141; x_wconf 78' lang='lat' dir='ltr'><strong>Momms.</strong></span> <span class='ocrx_word' id='word_1_209' title='bbox 619 2091 661 2141; x_wconf 88' lang='lat' dir='ltr'><strong>Ill</strong></span> <span class='ocrx_word' id='word_1_210' title='bbox 681 2108 707 2156; x_wconf 91' lang='lat' dir='ltr'><strong>p.</strong></span> <span class='ocrx_word' id='word_1_211' title='bbox 732 2090 765 2140; x_wconf 79' lang='lat'><strong>79</strong></span> <span class='ocrx_word' id='word_1_212' title='bbox 787 2091 870 2154; x_wconf 80' lang='lat' dir='ltr'><strong>not).</strong></span> <span class='ocrx_word' id='word_1_213' title='bbox 910 2091 988 2152; x_wconf 81' lang='lat' dir='ltr'><strong>Quod</strong></span> <span class='ocrx_word' id='word_1_214' title='bbox 1006 2092 1030 2140; x_wconf 91' lang='lat' dir='ltr'><strong>si</strong></span> <span class='ocrx_word' id='word_1_215' title='bbox 1048 2091 1088 2140; x_wconf 91' lang='lat' dir='ltr'><strong>ita</strong></span> <span class='ocrx_word' id='word_1_216' title='bbox 1107 2096 1162 2150; x_wconf 86' lang='lat' dir='ltr'><strong>eat,</strong></span> <span class='ocrx_word' id='word_1_217' title='bbox 1189 2091 1304 2156; x_wconf 85' lang='lat' dir='ltr'><strong>adparet</strong></span> 
     </span>
     <span class='ocr_line' id='line_1_23' title="bbox 159 2156 1304 2224; baseline -0.002 -15"><span class='ocrx_word' id='word_1_218' title='bbox 159 2160 250 2222; x_wconf 72' lang='lat' dir='ltr'><strong>sarteas</strong></span> <span class='ocrx_word' id='word_1_219' title='bbox 267 2174 322 2207; x_wconf 90' lang='lat' dir='ltr'><strong>nou</strong></span> <span class='ocrx_word' id='word_1_220' title='bbox 340 2173 401 2208; x_wconf 89' lang='lat' dir='ltr'><strong>cum</strong></span> <span class='ocrx_word' id='word_1_221' title='bbox 418 2159 524 2208; x_wconf 85' lang='lat' dir='ltr'><strong>Kritaio</strong></span> <span class='ocrx_word' id='word_1_222' title='bbox 543 2159 644 2209; x_wconf 78' lang='lat' dir='ltr'><strong>fretum</strong></span> <span class='ocrx_word' id='word_1_223' title='bbox 662 2156 782 2208; x_wconf 82' lang='lat' dir='ltr'><strong>Siculum</strong></span> <span class='ocrx_word' id='word_1_224' title='bbox 798 2158 1001 2223; x_wconf 79' lang='lat' dir='ltr'><strong>intellegendas</strong></span> <span class='ocrx_word' id='word_1_225' title='bbox 1020 2174 1094 2218; x_wconf 88' lang='lat' dir='ltr'><strong>esse,</strong></span> <span class='ocrx_word' id='word_1_226' title='bbox 1114 2164 1155 2207; x_wconf 84' lang='lat' dir='ltr'><strong>set</strong></span> <span class='ocrx_word' id='word_1_227' title='bbox 1169 2158 1304 2224; x_wconf 76' lang='lat' dir='ltr'><strong>angustis-</strong></span> 
     </span>
     <span class='ocr_line' id='line_1_24' title="bbox 163 2225 741 2290; baseline 0 -16"><span class='ocrx_word' id='word_1_228' title='bbox 163 2240 269 2275; x_wconf 85' lang='lat' dir='ltr'><strong>sumam</strong></span> <span class='ocrx_word' id='word_1_229' title='bbox 282 2227 406 2276; x_wconf 79' lang='lat' dir='ltr'><strong>Bruttiae</strong></span> <span class='ocrx_word' id='word_1_230' title='bbox 426 2225 607 2290; x_wconf 86' lang='lat' dir='ltr'><strong>paeninsulae</strong></span> <span class='ocrx_word' id='word_1_231' title='bbox 626 2231 741 2289; x_wconf 87' lang='lat' dir='ltr'><strong>partem.</strong></span> 
     </span>
    </p>
   </div>
   <div class='ocr_carea' id='block_1_5' title="bbox 162 2347 1304 2825">
    <p class='ocr_par' dir='ltr' id='par_1_5' title="bbox 162 2347 1304 2825">
     <span class='ocr_line' id='line_1_25' title="bbox 249 2347 1304 2441; baseline 0.002 -23"><span class='ocrx_word' id='word_1_232' title='bbox 249 2360 313 2418; x_wconf 63' lang='lat' dir='ltr'><strong>*itt</strong></span> <span class='ocrx_word' id='word_1_233' title='bbox 344 2359 404 2440; x_wconf 83' lang='lat' dir='ltr'><strong>[lir.</strong></span> <span class='ocrx_word' id='word_1_234' title='bbox 424 2369 466 2419; x_wconf 77' lang='lat'><strong>35.</strong></span> <span class='ocrx_word' id='word_1_235' title='bbox 490 2367 520 2418; x_wconf 82' lang='lat' dir='ltr'><strong>G.</strong></span> <span class='ocrx_word' id='word_1_236' title='bbox 538 2368 569 2416; x_wconf 73' lang='lat'><strong>15</strong></span> <span class='ocrx_word' id='word_1_237' title='bbox 584 2371 611 2419; x_wconf 87' lang='lat' dir='ltr'><strong>et</strong></span> <span class='ocrx_word' id='word_1_238' title='bbox 626 2359 683 2441; x_wconf 70' lang='grc'><strong>20].</strong></span> <span class='ocrx_word' id='word_1_239' title='bbox 727 2360 824 2421; x_wconf 88' lang='lat' dir='ltr'><strong>ltaliae</strong></span> <span class='ocrx_word' id='word_1_240' title='bbox 852 2360 979 2421; x_wconf 85' lang='lat' dir='ltr'><strong>Siciliam</strong></span> <span class='ocrx_word' id='word_1_241' title='bbox 1005 2361 1190 2420; x_wconf 85' lang='lat' dir='ltr'><strong>coniunctam</strong></span> <span class='ocrx_word' id='word_1_242' title='bbox 1214 2347 1304 2421; x_wconf 84' lang='lat' dir='ltr'><strong>luisse</strong></span> 
     </span>
     <span class='ocr_line' id='line_1_26' title="bbox 164 2461 1304 2540; baseline -0.003 -17"><span class='ocrx_word' id='word_1_243' title='bbox 164 2468 291 2523; x_wconf 86' lang='lat' dir='ltr'><strong>constat:</strong></span> <span class='ocrx_word' id='word_1_244' title='bbox 315 2470 358 2521; x_wconf 89' lang='lat' dir='ltr'><strong>set</strong></span> <span class='ocrx_word' id='word_1_245' title='bbox 381 2463 509 2521; x_wconf 73' lang='lat' dir='ltr'><strong>untedium</strong></span> <span class='ocrx_word' id='word_1_246' title='bbox 531 2462 656 2538; x_wconf 89' lang='lat' dir='ltr'><strong>spatium</strong></span> <span class='ocrx_word' id='word_1_247' title='bbox 676 2470 726 2521; x_wconf 85' lang='lat' dir='ltr'><strong>aut</strong></span> <span class='ocrx_word' id='word_1_248' title='bbox 748 2479 801 2540; x_wconf 88' lang='lat' dir='ltr'><strong>per</strong></span> <span class='ocrx_word' id='word_1_249' title='bbox 815 2461 1011 2522; x_wconf 48' lang='lat' dir='ltr'><strong>*humilitatem</strong></span> <span class='ocrx_word' id='word_1_250' title='bbox 1033 2461 1172 2522; x_wconf 88' lang='lat' dir='ltr'><strong>obrutum</strong></span> <span class='ocrx_word' id='word_1_251' title='bbox 1193 2468 1304 2522; x_wconf 86' lang='lat' dir='ltr'><strong>estant</strong></span> 
     </span>
     <span class='ocr_line' id='line_1_27' title="bbox 163 2563 1304 2642; baseline -0.001 -18"><span class='ocrx_word' id='word_1_252' title='bbox 163 2581 218 2642; x_wconf 89' lang='lat' dir='ltr'><strong>per</strong></span> <span class='ocrx_word' id='word_1_253' title='bbox 238 2565 401 2639; x_wconf 80' lang='lat' dir='ltr'><strong>arigustiam</strong></span> <span class='ocrx_word' id='word_1_254' title='bbox 428 2564 559 2623; x_wconf 87' lang='lat' dir='ltr'><strong>scissum.</strong></span> <span class='ocrx_word' id='word_1_255' title='bbox 604 2563 640 2623; x_wconf 76' lang='lat' dir='ltr'><strong>tu</strong></span> <span class='ocrx_word' id='word_1_256' title='bbox 662 2570 760 2623; x_wconf 88' lang='lat' dir='ltr'><strong>autem</strong></span> <span class='ocrx_word' id='word_1_257' title='bbox 779 2581 903 2624; x_wconf 87' lang='lat' dir='ltr'><strong>curvum</strong></span> <span class='ocrx_word' id='word_1_258' title='bbox 922 2564 967 2630; x_wconf 90' lang='lat' dir='ltr'><strong>sit,</strong></span> <span class='ocrx_word' id='word_1_259' title='bbox 993 2563 1060 2622; x_wconf 86' lang='lat' dir='ltr'><strong>lacit</strong></span> <span class='ocrx_word' id='word_1_260' title='bbox 1076 2569 1181 2623; x_wconf 90' lang='lat' dir='ltr'><strong>natura</strong></span> <span class='ocrx_word' id='word_1_261' title='bbox 1203 2564 1304 2623; x_wconf 76' lang='lat' dir='ltr'><strong>hami-</strong></span> 
     </span>
     <span class='ocr_line' id='line_1_28' title="bbox 162 2662 1304 2743; baseline -0.002 -19"><span class='ocrx_word' id='word_1_262' title='bbox 162 2667 246 2725; x_wconf 85' lang='lat' dir='ltr'><strong>tioris</strong></span> <span class='ocrx_word' id='word_1_263' title='bbox 274 2675 302 2724; x_wconf 83' lang='lat' dir='ltr'><strong>et</strong></span> <span class='ocrx_word' id='word_1_264' title='bbox 326 2662 466 2725; x_wconf 86' lang='lat' dir='ltr'><strong>mollioris</strong></span> <span class='ocrx_word' id='word_1_265' title='bbox 491 2662 606 2733; x_wconf 83' lang='lat' dir='ltr'><strong>ltaliae,</strong></span> <span class='ocrx_word' id='word_1_266' title='bbox 638 2667 666 2723; x_wconf 90' lang='lat' dir='ltr'><strong>iu</strong></span> <span class='ocrx_word' id='word_1_267' title='bbox 698 2681 787 2742; x_wconf 86' lang='lat' dir='ltr'><strong>quam</strong></span> <span class='ocrx_word' id='word_1_268' title='bbox 813 2665 956 2743; x_wconf 89' lang='lat' dir='ltr'><strong>asperitas</strong></span> <span class='ocrx_word' id='word_1_269' title='bbox 985 2671 1014 2724; x_wconf 91' lang='lat' dir='ltr'><strong>et</strong></span> <span class='ocrx_word' id='word_1_270' title='bbox 1041 2662 1162 2723; x_wconf 78' lang='lat' dir='ltr'><strong>altitudo</strong></span> <span class='ocrx_word' id='word_1_271' title='bbox 1190 2663 1304 2725; x_wconf 78' lang='lat' dir='ltr'><strong>Siciliae</strong></span> 
     </span>
     <span class='ocr_line' id='line_1_29' title="bbox 163 2762 403 2825; baseline -0.004 0"><span class='ocrx_word' id='word_1_272' title='bbox 163 2770 275 2825; x_wconf 84' lang='lat' dir='ltr'><strong>aestum</strong></span> <span class='ocrx_word' id='word_1_273' title='bbox 299 2762 403 2824; x_wconf 86' lang='lat' dir='ltr'><strong>relidit.</strong></span> 
     </span>
    </p>
   </div>
   <div class='ocr_carea' id='block_1_6' title="bbox 160 2881 1308 4230">
    <p class='ocr_par' dir='ltr' id='par_1_6' title="bbox 160 2881 1308 4230">
     <span class='ocr_line' id='line_1_30' title="bbox 249 2881 1305 2949; baseline 0 -19"><span class='ocrx_word' id='word_1_274' title='bbox 249 2881 354 2931; x_wconf 80' lang='lat' dir='ltr'><strong>Adtulit</strong></span> <span class='ocrx_word' id='word_1_275' title='bbox 372 2883 441 2933; x_wconf 88' lang='lat' dir='ltr'><strong>haec</strong></span> <span class='ocrx_word' id='word_1_276' title='bbox 461 2885 536 2933; x_wconf 78' lang='lat' dir='ltr'><strong>Serv.</strong></span> <span class='ocrx_word' id='word_1_277' title='bbox 558 2883 592 2932; x_wconf 84' lang='lat' dir='ltr'><strong>ad</strong></span> <span class='ocrx_word' id='word_1_278' title='bbox 611 2884 693 2949; x_wconf 76' lang='lat' dir='ltr'><strong>l&#39;erg.</strong></span> <span class='ocrx_word' id='word_1_279' title='bbox 714 2884 744 2932; x_wconf 71' lang='lat' dir='ltr'><strong>A.</strong></span> <span class='ocrx_word' id='word_1_280' title='bbox 765 2884 803 2932; x_wconf 85' lang='lat'><strong>111</strong></span> <span class='ocrx_word' id='word_1_281' title='bbox 822 2881 880 2931; x_wconf 71' lang='grc'><strong>414.</strong></span> <span class='ocrx_word' id='word_1_282' title='bbox 901 2883 966 2932; x_wconf 86' lang='lat' dir='ltr'><strong>lsid.</strong></span> <span class='ocrx_word' id='word_1_283' title='bbox 987 2884 1033 2931; x_wconf 84' lang='lat' dir='ltr'><strong>Or.</strong></span> <span class='ocrx_word' id='word_1_284' title='bbox 1053 2882 1176 2943; x_wconf 80' lang='lat'><strong>11118,3</strong></span> <span class='ocrx_word' id='word_1_285' title='bbox 1194 2899 1220 2947; x_wconf 92' lang='lat' dir='ltr'><strong>p.</strong></span> <span class='ocrx_word' id='word_1_286' title='bbox 1240 2881 1305 2932; x_wconf 70' lang='lat' dir='ltr'><strong>ten:</strong></span> 
     </span>
     <span class='ocr_line' id='line_1_31' title="bbox 164 2948 1305 3016; baseline 0 -18"><span class='ocrx_word' id='word_1_287' title='bbox 164 2948 266 2998; x_wconf 81' lang='lat' dir='ltr'><strong>Fretum</strong></span> <span class='ocrx_word' id='word_1_288' title='bbox 285 2949 394 3007; x_wconf 82' lang='lat' dir='ltr'><strong>Siciliae,</strong></span> <span class='ocrx_word' id='word_1_289' title='bbox 415 2953 483 3016; x_wconf 69' lang='lat' dir='ltr'><strong>quaed</strong></span> <span class='ocrx_word' id='word_1_290' title='bbox 501 2952 618 3014; x_wconf 79' lang='lat' dir='ltr'><strong>llhepinm</strong></span> <span class='ocrx_word' id='word_1_291' title='bbox 635 2954 736 3000; x_wconf 76' lang='lat' dir='ltr'><strong>dictim.</strong></span> <span class='ocrx_word' id='word_1_292' title='bbox 762 2951 887 3000; x_wconf 79' lang='lat' dir='ltr'><strong>Salustius</strong></span> <span class='ocrx_word' id='word_1_293' title='bbox 899 2955 947 3000; x_wconf 83' lang='lat' dir='ltr'><strong>tali</strong></span> <span class='ocrx_word' id='word_1_294' title='bbox 958 2968 992 3000; x_wconf 80' lang='lat' dir='ltr'><strong>em</strong></span> <span class='ocrx_word' id='word_1_295' title='bbox 1010 2967 1102 3000; x_wconf 87' lang='lat' dir='ltr'><strong>caassa</strong></span> <span class='ocrx_word' id='word_1_296' title='bbox 1113 2956 1202 2999; x_wconf 81' lang='lat' dir='ltr'><strong>vacari</strong></span> <span class='ocrx_word' id='word_1_297' title='bbox 1216 2950 1305 3000; x_wconf 70' lang='lat' dir='ltr'><strong>scribit</strong></span> 
     </span>
     <span class='ocr_line' id='line_1_32' title="bbox 164 3017 1305 3081; baseline 0 -16"><span class='ocrx_word' id='word_1_298' title='bbox 164 3018 251 3066; x_wconf 78' lang='lat' dir='ltr'><strong>dicens</strong></span> <span class='ocrx_word' id='word_1_299' title='bbox 271 3017 363 3067; x_wconf 82' lang='lat' dir='ltr'><strong>ltaliae</strong></span> <span class='ocrx_word' id='word_1_300' title='bbox 382 3022 438 3067; x_wconf 83' lang='lat' dir='ltr'><strong>olim</strong></span> <span class='ocrx_word' id='word_1_301' title='bbox 456 3021 611 3068; x_wconf 66' lang='lat' dir='ltr'><strong>constructam</strong></span> <span class='ocrx_word' id='word_1_302' title='bbox 626 3021 708 3081; x_wconf 80' lang='lat' dir='ltr'><strong>fnisse</strong></span> <span class='ocrx_word' id='word_1_303' title='bbox 726 3021 848 3075; x_wconf 78' lang='lat' dir='ltr'><strong>Siciliam,</strong></span> <span class='ocrx_word' id='word_1_304' title='bbox 874 3026 898 3066; x_wconf 90' lang='lat' dir='ltr'><strong>ct</strong></span> <span class='ocrx_word' id='word_1_305' title='bbox 917 3020 972 3067; x_wconf 78' lang='lat' dir='ltr'><strong>dirae</strong></span> <span class='ocrx_word' id='word_1_306' title='bbox 996 3025 1062 3066; x_wconf 82' lang='lat' dir='ltr'><strong>esset</strong></span> <span class='ocrx_word' id='word_1_307' title='bbox 1079 3036 1129 3066; x_wconf 86' lang='lat' dir='ltr'><strong>aaa</strong></span> <span class='ocrx_word' id='word_1_308' title='bbox 1147 3022 1232 3071; x_wconf 83' lang='lat' dir='ltr'><strong>tetius.</strong></span> <span class='ocrx_word' id='word_1_309' title='bbox 1257 3033 1305 3066; x_wconf 87' lang='lat' dir='ltr'><strong>rne-</strong></span> 
     </span>
     <span class='ocr_line' id='line_1_33' title="bbox 164 3086 1306 3150; baseline 0 -18"><span class='ocrx_word' id='word_1_310' title='bbox 164 3086 230 3133; x_wconf 76' lang='lat' dir='ltr'><strong>drani</strong></span> <span class='ocrx_word' id='word_1_311' title='bbox 247 3089 355 3148; x_wconf 82' lang='lat' dir='ltr'><strong>spatimn</strong></span> <span class='ocrx_word' id='word_1_312' title='bbox 374 3094 417 3134; x_wconf 87' lang='lat' dir='ltr'><strong>aut</strong></span> <span class='ocrx_word' id='word_1_313' title='bbox 433 3104 482 3150; x_wconf 87' lang='lat' dir='ltr'><strong>per</strong></span> <span class='ocrx_word' id='word_1_314' title='bbox 498 3088 658 3136; x_wconf 78' lang='lat' dir='ltr'><strong>tramititatcm</strong></span> <span class='ocrx_word' id='word_1_315' title='bbox 676 3086 808 3149; x_wconf 79' lang='lat' dir='ltr'><strong>abruptum</strong></span> <span class='ocrx_word' id='word_1_316' title='bbox 826 3093 863 3134; x_wconf 84' lang='lat' dir='ltr'><strong>est</strong></span> <span class='ocrx_word' id='word_1_317' title='bbox 882 3089 954 3150; x_wconf 82' lang='lat' dir='ltr'><strong>aquis</strong></span> <span class='ocrx_word' id='word_1_318' title='bbox 972 3092 1014 3133; x_wconf 85' lang='lat' dir='ltr'><strong>aut</strong></span> <span class='ocrx_word' id='word_1_319' title='bbox 1027 3102 1075 3148; x_wconf 85' lang='lat' dir='ltr'><strong>per</strong></span> <span class='ocrx_word' id='word_1_320' title='bbox 1087 3089 1226 3149; x_wconf 70' lang='lat' dir='ltr'><strong>etiamtiam</strong></span> <span class='ocrx_word' id='word_1_321' title='bbox 1244 3090 1306 3133; x_wconf 84' lang='lat' dir='ltr'><strong>scis·</strong></span> 
     </span>
     <span class='ocr_line' id='line_1_34' title="bbox 164 3145 1306 3219; baseline -0.001 -18"><span class='ocrx_word' id='word_1_322' title='bbox 164 3167 225 3202; x_wconf 78' lang='lat' dir='ltr'><strong>suar.</strong></span> <span class='ocrx_word' id='word_1_323' title='bbox 263 3153 297 3201; x_wconf 80' lang='lat' dir='ltr'><strong>Et</strong></span> <span class='ocrx_word' id='word_1_324' title='bbox 316 3157 373 3202; x_wconf 84' lang='lat' dir='ltr'><strong>inde</strong></span> <span class='ocrx_word' id='word_1_325' title='bbox 387 3145 500 3218; x_wconf 80' lang='grc' dir='ltr'><strong><em>Ῥήγιον</em></strong></span> <span class='ocrx_word' id='word_1_326' title='bbox 517 3157 674 3212; x_wconf 61' lang='lat' dir='ltr'><strong>assiduatum,</strong></span> <span class='ocrx_word' id='word_1_327' title='bbox 694 3156 752 3219; x_wconf 85' lang='lat' dir='ltr'><strong>qaia</strong></span> <span class='ocrx_word' id='word_1_328' title='bbox 771 3155 869 3203; x_wconf 79' lang='lat' dir='ltr'><strong>Graece</strong></span> <span class='ocrx_word' id='word_1_329' title='bbox 887 3154 1019 3217; x_wconf 81' lang='lat' dir='ltr'><strong>abruptam</strong></span> <span class='ocrx_word' id='word_1_330' title='bbox 1035 3154 1196 3203; x_wconf 75' lang='lat' dir='ltr'><strong>doe-aomina</strong></span> <span class='ocrx_word' id='word_1_331' title='bbox 1214 3169 1306 3202; x_wconf 86' lang='lat' dir='ltr'><strong>nanca-</strong></span> 
     </span>
     <span class='ocr_line' id='line_1_35' title="bbox 161 3220 1305 3286; baseline -0.002 -16"><span class='ocrx_word' id='word_1_332' title='bbox 161 3227 250 3284; x_wconf 64' lang='grc' dir='ltr'><strong>μαῖαν.</strong></span> <span class='ocrx_word' id='word_1_333' title='bbox 287 3221 336 3270; x_wconf 84' lang='lat' dir='ltr'><strong>Est</strong></span> <span class='ocrx_word' id='word_1_334' title='bbox 352 3228 435 3271; x_wconf 82' lang='lat' dir='ltr'><strong>antem</strong></span> <span class='ocrx_word' id='word_1_335' title='bbox 452 3224 602 3271; x_wconf 80' lang='lat' dir='ltr'><strong>artissinurar</strong></span> <span class='ocrx_word' id='word_1_336' title='bbox 619 3225 693 3270; x_wconf 79' lang='lat' dir='ltr'><strong>trinas</strong></span> <span class='ocrx_word' id='word_1_337' title='bbox 704 3223 796 3270; x_wconf 80' lang='lat' dir='ltr'><strong>mittam</strong></span> <span class='ocrx_word' id='word_1_338' title='bbox 812 3223 898 3286; x_wconf 85' lang='lat' dir='ltr'><strong>spatio</strong></span> <span class='ocrx_word' id='word_1_339' title='bbox 911 3220 1022 3270; x_wconf 83' lang='lat' dir='ltr'><strong>Sicitiarn</strong></span> <span class='ocrx_word' id='word_1_340' title='bbox 1040 3220 1071 3269; x_wconf 85' lang='lat' dir='ltr'><strong>ah</strong></span> <span class='ocrx_word' id='word_1_341' title='bbox 1085 3221 1165 3270; x_wconf 88' lang='lat' dir='ltr'><strong>Italia</strong></span> <span class='ocrx_word' id='word_1_342' title='bbox 1183 3222 1305 3275; x_wconf 74' lang='lat' dir='ltr'><strong>dicideas,</strong></span> 
     </span>
     <span class='ocr_line' id='line_1_36' title="bbox 160 3287 1306 3354; baseline -0.001 -16"><span class='ocrx_word' id='word_1_343' title='bbox 160 3287 285 3348; x_wconf 78' lang='lat' dir='ltr'><strong>fabulosis</strong></span> <span class='ocrx_word' id='word_1_344' title='bbox 303 3290 395 3354; x_wconf 78' lang='lat' dir='ltr'><strong>insanie</strong></span> <span class='ocrx_word' id='word_1_345' title='bbox 413 3295 539 3346; x_wconf 69' lang='lat' dir='ltr'><strong>sesoostris,</strong></span> <span class='ocrx_word' id='word_1_346' title='bbox 558 3295 628 3339; x_wconf 83' lang='lat' dir='ltr'><strong>enias</strong></span> <span class='ocrx_word' id='word_1_347' title='bbox 645 3290 701 3338; x_wconf 82' lang='lat' dir='ltr'><strong>dinc</strong></span> <span class='ocrx_word' id='word_1_348' title='bbox 714 3292 772 3338; x_wconf 84' lang='lat' dir='ltr'><strong>inde</strong></span> <span class='ocrx_word' id='word_1_349' title='bbox 786 3288 872 3350; x_wconf 74' lang='lat' dir='ltr'><strong>Sopita</strong></span> <span class='ocrx_word' id='word_1_350' title='bbox 884 3295 909 3337; x_wconf 86' lang='lat' dir='ltr'><strong>et</strong></span> <span class='ocrx_word' id='word_1_351' title='bbox 924 3288 1065 3351; x_wconf 71' lang='lat' dir='ltr'><strong>Charybdis</strong></span> <span class='ocrx_word' id='word_1_352' title='bbox 1082 3290 1233 3337; x_wconf 78' lang='lat' dir='ltr'><strong>ostenditur.</strong></span> <span class='ocrx_word' id='word_1_353' title='bbox 1264 3289 1306 3337; x_wconf 82' lang='lat' dir='ltr'><strong>Ex</strong></span> 
     </span>
     <span class='ocr_line' id='line_1_37' title="bbox 163 3355 1307 3421; baseline 0 -17"><span class='ocrx_word' id='word_1_354' title='bbox 163 3355 260 3405; x_wconf 88' lang='lat' dir='ltr'><strong>Isidori</strong></span> <span class='ocrx_word' id='word_1_355' title='bbox 279 3358 370 3405; x_wconf 89' lang='lat' dir='ltr'><strong>verbis</strong></span> <span class='ocrx_word' id='word_1_356' title='bbox 390 3358 473 3421; x_wconf 82' lang='lat' dir='ltr'><strong>igitur</strong></span> <span class='ocrx_word' id='word_1_357' title='bbox 492 3363 615 3421; x_wconf 86' lang='lat' dir='ltr'><strong>apertum</strong></span> <span class='ocrx_word' id='word_1_358' title='bbox 635 3363 691 3412; x_wconf 81' lang='lat' dir='ltr'><strong>cst,</strong></span> <span class='ocrx_word' id='word_1_359' title='bbox 717 3356 876 3405; x_wconf 80' lang='lat' dir='ltr'><strong>Sallustium</strong></span> <span class='ocrx_word' id='word_1_360' title='bbox 901 3357 986 3405; x_wconf 87' lang='lat' dir='ltr'><strong>etiam</strong></span> <span class='ocrx_word' id='word_1_361' title='bbox 1004 3355 1038 3403; x_wconf 87' lang='lat' dir='ltr'><strong>de</strong></span> <span class='ocrx_word' id='word_1_362' title='bbox 1057 3356 1240 3420; x_wconf 83' lang='lat' dir='ltr'><strong>originatione</strong></span> <span class='ocrx_word' id='word_1_363' title='bbox 1259 3371 1307 3404; x_wconf 88' lang='lat' dir='ltr'><strong>no-</strong></span> 
     </span>
     <span class='ocr_line' id='line_1_38' title="bbox 163 3414 1306 3489; baseline -0.002 -17"><span class='ocrx_word' id='word_1_364' title='bbox 163 3424 244 3472; x_wconf 87' lang='lat' dir='ltr'><strong>minis</strong></span> <span class='ocrx_word' id='word_1_365' title='bbox 259 3414 374 3489; x_wconf 81' lang='grc' dir='ltr'><strong><em>Ῥήγιον</em></strong></span> <span class='ocrx_word' id='word_1_366' title='bbox 392 3425 503 3485; x_wconf 80' lang='lat' dir='ltr'><strong>dixisse,</strong></span> <span class='ocrx_word' id='word_1_367' title='bbox 524 3430 567 3473; x_wconf 85' lang='lat' dir='ltr'><strong>set</strong></span> <span class='ocrx_word' id='word_1_368' title='bbox 586 3439 637 3488; x_wconf 87' lang='lat' dir='ltr'><strong>quo</strong></span> <span class='ocrx_word' id='word_1_369' title='bbox 657 3439 781 3473; x_wconf 82' lang='lat' dir='ltr'><strong>connexu</strong></span> <span class='ocrx_word' id='word_1_370' title='bbox 799 3424 827 3472; x_wconf 90' lang='lat' dir='ltr'><strong>id</strong></span> <span class='ocrx_word' id='word_1_371' title='bbox 847 3439 906 3472; x_wconf 88' lang='lat' dir='ltr'><strong>eum</strong></span> <span class='ocrx_word' id='word_1_372' title='bbox 920 3423 1030 3471; x_wconf 87' lang='lat' dir='ltr'><strong>relieuis</strong></span> <span class='ocrx_word' id='word_1_373' title='bbox 1045 3424 1135 3482; x_wconf 73' lang='lat' dir='ltr'><strong>iurarit,</strong></span> <span class='ocrx_word' id='word_1_374' title='bbox 1156 3430 1231 3472; x_wconf 83' lang='lat' dir='ltr'><strong>certa</strong></span> <span class='ocrx_word' id='word_1_375' title='bbox 1243 3439 1306 3472; x_wconf 90' lang='lat' dir='ltr'><strong>eou-</strong></span> 
     </span>
     <span class='ocr_line' id='line_1_39' title="bbox 163 3490 1307 3556; baseline -0.001 -17"><span class='ocrx_word' id='word_1_376' title='bbox 163 3492 241 3539; x_wconf 86' lang='lat' dir='ltr'><strong>stitui</strong></span> <span class='ocrx_word' id='word_1_377' title='bbox 260 3508 338 3556; x_wconf 71' lang='lat' dir='ltr'><strong>prosae</strong></span> <span class='ocrx_word' id='word_1_378' title='bbox 357 3492 461 3541; x_wconf 81' lang='lat' dir='ltr'><strong>diffido.</strong></span> <span class='ocrx_word' id='word_1_379' title='bbox 491 3492 526 3540; x_wconf 79' lang='lat' dir='ltr'><strong>At</strong></span> <span class='ocrx_word' id='word_1_380' title='bbox 545 3492 610 3540; x_wconf 89' lang='lat' dir='ltr'><strong>haut</strong></span> <span class='ocrx_word' id='word_1_381' title='bbox 624 3491 744 3540; x_wconf 89' lang='lat' dir='ltr'><strong>absurda</strong></span> <span class='ocrx_word' id='word_1_382' title='bbox 756 3491 825 3539; x_wconf 89' lang='lat' dir='ltr'><strong>haec</strong></span> <span class='ocrx_word' id='word_1_383' title='bbox 845 3492 952 3539; x_wconf 65' lang='lat' dir='ltr'><strong>sistetur</strong></span> <span class='ocrx_word' id='word_1_384' title='bbox 969 3491 1098 3555; x_wconf 78' lang='lat' dir='ltr'><strong>stispitie,</strong></span> <span class='ocrx_word' id='word_1_385' title='bbox 1119 3490 1307 3554; x_wconf 74' lang='lat' dir='ltr'><strong>praecessisse</strong></span> 
     </span>
     <span class='ocr_line' id='line_1_40' title="bbox 163 3557 1307 3623; baseline -0.002 -17"><span class='ocrx_word' id='word_1_386' title='bbox 163 3558 229 3607; x_wconf 87' lang='lat' dir='ltr'><strong>illud</strong></span> <span class='ocrx_word' id='word_1_387' title='bbox 247 3560 339 3607; x_wconf 69' lang='lat' dir='ltr'><strong>veritis</strong></span> <span class='ocrx_word' id='word_1_388' title='bbox 359 3560 393 3608; x_wconf 83' lang='lat' dir='ltr'><strong>ab</strong></span> <span class='ocrx_word' id='word_1_389' title='bbox 413 3560 508 3609; x_wconf 67' lang='lat' dir='ltr'><strong>Servio</strong></span> <span class='ocrx_word' id='word_1_390' title='bbox 528 3559 637 3617; x_wconf 86' lang='lat' dir='ltr'><strong>adlatis,</strong></span> <span class='ocrx_word' id='word_1_391' title='bbox 659 3566 686 3607; x_wconf 90' lang='lat' dir='ltr'><strong>et</strong></span> <span class='ocrx_word' id='word_1_392' title='bbox 698 3574 786 3623; x_wconf 88' lang='lat' dir='ltr'><strong>paene</strong></span> <span class='ocrx_word' id='word_1_393' title='bbox 801 3565 904 3607; x_wconf 82' lang='lat' dir='ltr'><strong>ceritum</strong></span> <span class='ocrx_word' id='word_1_394' title='bbox 917 3558 1025 3606; x_wconf 85' lang='lat' dir='ltr'><strong>videtur</strong></span> <span class='ocrx_word' id='word_1_395' title='bbox 1037 3557 1169 3621; x_wconf 83' lang='lat' dir='ltr'><strong>abruptum</strong></span> <span class='ocrx_word' id='word_1_396' title='bbox 1182 3564 1220 3607; x_wconf 88' lang='lat' dir='ltr'><strong>est</strong></span> <span class='ocrx_word' id='word_1_397' title='bbox 1233 3562 1307 3623; x_wconf 80' lang='lat' dir='ltr'><strong>aquis</strong></span> 
     </span>
     <span class='ocr_line' id='line_1_41' title="bbox 164 3624 1305 3693; baseline -0.002 -18"><span class='ocrx_word' id='word_1_398' title='bbox 164 3626 198 3675; x_wconf 91' lang='lat' dir='ltr'><strong>ab</strong></span> <span class='ocrx_word' id='word_1_399' title='bbox 216 3626 322 3675; x_wconf 87' lang='lat' dir='ltr'><strong>Isidoro</strong></span> <span class='ocrx_word' id='word_1_400' title='bbox 341 3643 373 3676; x_wconf 88' lang='lat' dir='ltr'><strong>ex</strong></span> <span class='ocrx_word' id='word_1_401' title='bbox 391 3628 481 3693; x_wconf 88' lang='lat' dir='ltr'><strong>priore</strong></span> <span class='ocrx_word' id='word_1_402' title='bbox 500 3626 560 3675; x_wconf 86' lang='lat' dir='ltr'><strong>loeo</strong></span> <span class='ocrx_word' id='word_1_403' title='bbox 583 3627 611 3674; x_wconf 92' lang='lat' dir='ltr'><strong>iu</strong></span> <span class='ocrx_word' id='word_1_404' title='bbox 635 3627 814 3690; x_wconf 86' lang='lat' dir='ltr'><strong>posteriorem</strong></span> <span class='ocrx_word' id='word_1_405' title='bbox 839 3626 1046 3690; x_wconf 80' lang='lat' dir='ltr'><strong>perspicuitatis</strong></span> <span class='ocrx_word' id='word_1_406' title='bbox 1070 3640 1169 3674; x_wconf 88' lang='lat' dir='ltr'><strong>caussa</strong></span> <span class='ocrx_word' id='word_1_407' title='bbox 1188 3624 1305 3673; x_wconf 88' lang='lat' dir='ltr'><strong>transla-</strong></span> 
     </span>
     <span class='ocr_line' id='line_1_42' title="bbox 163 3692 1305 3758; baseline -0.003 -17"><span class='ocrx_word' id='word_1_408' title='bbox 163 3699 218 3743; x_wconf 87' lang='lat' dir='ltr'><strong>tum</strong></span> <span class='ocrx_word' id='word_1_409' title='bbox 239 3709 308 3743; x_wconf 85' lang='lat' dir='ltr'><strong>esse.</strong></span> <span class='ocrx_word' id='word_1_410' title='bbox 346 3695 413 3744; x_wconf 89' lang='lat' dir='ltr'><strong>Nam</strong></span> <span class='ocrx_word' id='word_1_411' title='bbox 438 3695 491 3743; x_wconf 87' lang='lat' dir='ltr'><strong>uisi</strong></span> <span class='ocrx_word' id='word_1_412' title='bbox 515 3694 579 3742; x_wconf 91' lang='lat' dir='ltr'><strong>illud</strong></span> <span class='ocrx_word' id='word_1_413' title='bbox 604 3694 817 3758; x_wconf 80' lang='lat' dir='ltr'><strong>praecessisset.</strong></span> <span class='ocrx_word' id='word_1_414' title='bbox 842 3695 870 3741; x_wconf 93' lang='lat' dir='ltr'><strong>in</strong></span> <span class='ocrx_word' id='word_1_415' title='bbox 887 3693 980 3743; x_wconf 81' lang='lat' dir='ltr'><strong>verbis</strong></span> <span class='ocrx_word' id='word_1_416' title='bbox 999 3708 1069 3756; x_wconf 88' lang='lat' dir='ltr'><strong>quae</strong></span> <span class='ocrx_word' id='word_1_417' title='bbox 1089 3693 1161 3757; x_wconf 90' lang='lat' dir='ltr'><strong>apud</strong></span> <span class='ocrx_word' id='word_1_418' title='bbox 1180 3692 1305 3742; x_wconf 84' lang='lat' dir='ltr'><strong>Servium</strong></span> 
     </span>
     <span class='ocr_line' id='line_1_43' title="bbox 163 3760 1305 3827; baseline -0.002 -19"><span class='ocrx_word' id='word_1_419' title='bbox 163 3761 304 3825; x_wconf 75' lang='lat' dir='ltr'><strong>leguntur,</strong></span> <span class='ocrx_word' id='word_1_420' title='bbox 331 3777 413 3827; x_wconf 79' lang='lat' dir='ltr'><strong>aegre</strong></span> <span class='ocrx_word' id='word_1_421' title='bbox 438 3760 560 3811; x_wconf 78' lang='lat' dir='ltr'><strong>ablativo</strong></span> <span class='ocrx_word' id='word_1_422' title='bbox 583 3761 660 3811; x_wconf 76' lang='lat' dir='ltr'><strong>veluit</strong></span> <span class='ocrx_word' id='word_1_423' title='bbox 684 3764 757 3827; x_wconf 83' lang='lat' dir='ltr'><strong>aquis</strong></span> <span class='ocrx_word' id='word_1_424' title='bbox 781 3760 824 3808; x_wconf 86' lang='lat' dir='ltr'><strong>vel</strong></span> <span class='ocrx_word' id='word_1_425' title='bbox 845 3760 960 3824; x_wconf 75' lang='lat' dir='ltr'><strong>flucctibas</strong></span> <span class='ocrx_word' id='word_1_426' title='bbox 985 3760 1027 3808; x_wconf 85' lang='lat' dir='ltr'><strong>rel</strong></span> <span class='ocrx_word' id='word_1_427' title='bbox 1051 3764 1117 3808; x_wconf 73' lang='lat' dir='ltr'><strong>mam¹</strong></span> <span class='ocrx_word' id='word_1_428' title='bbox 1140 3774 1305 3809; x_wconf 81' lang='lat' dir='ltr'><strong>careremus.</strong></span> 
     </span>
     <span class='ocr_line' id='line_1_44' title="bbox 164 3828 1307 3893; baseline -0.001 -17"><span class='ocrx_word' id='word_1_429' title='bbox 164 3829 233 3877; x_wconf 89' lang='lat' dir='ltr'><strong>Num</strong></span> <span class='ocrx_word' id='word_1_430' title='bbox 252 3829 355 3879; x_wconf 89' lang='lat' dir='ltr'><strong>relicua</strong></span> <span class='ocrx_word' id='word_1_431' title='bbox 375 3830 493 3878; x_wconf 82' lang='lat' dir='ltr'><strong>Isidorus</strong></span> <span class='ocrx_word' id='word_1_432' title='bbox 513 3829 547 3876; x_wconf 85' lang='lat' dir='ltr'><strong>ab</strong></span> <span class='ocrx_word' id='word_1_433' title='bbox 567 3828 697 3877; x_wconf 77' lang='lat' dir='ltr'><strong>Sallustio</strong></span> <span class='ocrx_word' id='word_1_434' title='bbox 716 3828 875 3893; x_wconf 80' lang='lat' dir='ltr'><strong>sumpserit,</strong></span> <span class='ocrx_word' id='word_1_435' title='bbox 899 3828 1033 3876; x_wconf 86' lang='lat' dir='ltr'><strong>incertum</strong></span> <span class='ocrx_word' id='word_1_436' title='bbox 1053 3832 1109 3886; x_wconf 85' lang='lat' dir='ltr'><strong>est,</strong></span> <span class='ocrx_word' id='word_1_437' title='bbox 1135 3832 1209 3876; x_wconf 87' lang='lat' dir='ltr'><strong>certe</strong></span> <span class='ocrx_word' id='word_1_438' title='bbox 1234 3841 1307 3891; x_wconf 83' lang='lat' dir='ltr'><strong>quae</strong></span> 
     </span>
     <span class='ocr_line' id='line_1_45' title="bbox 163 3894 1306 3960; baseline -0.001 -17"><span class='ocrx_word' id='word_1_439' title='bbox 163 3895 236 3944; x_wconf 86' lang='lat' dir='ltr'><strong>illius</strong></span> <span class='ocrx_word' id='word_1_440' title='bbox 255 3897 370 3957; x_wconf 82' lang='lat' dir='ltr'><strong>luerint,</strong></span> <span class='ocrx_word' id='word_1_441' title='bbox 395 3897 521 3960; x_wconf 78' lang='lat' dir='ltr'><strong>indagari</strong></span> <span class='ocrx_word' id='word_1_442' title='bbox 540 3912 593 3944; x_wconf 90' lang='lat' dir='ltr'><strong>nen</strong></span> <span class='ocrx_word' id='word_1_443' title='bbox 617 3901 716 3960; x_wconf 83' lang='lat' dir='ltr'><strong>potest.</strong></span> <span class='ocrx_word' id='word_1_444' title='bbox 759 3896 836 3944; x_wconf 73' lang='lat' dir='ltr'><strong>Unde</strong></span> <span class='ocrx_word' id='word_1_445' title='bbox 861 3896 931 3959; x_wconf 87' lang='lat' dir='ltr'><strong>quod</strong></span> <span class='ocrx_word' id='word_1_446' title='bbox 951 3895 1070 3944; x_wconf 80' lang='lat' dir='ltr'><strong>Kritaius</strong></span> <span class='ocrx_word' id='word_1_447' title='bbox 1095 3900 1122 3942; x_wconf 85' lang='lat' dir='ltr'><strong>et</strong></span> <span class='ocrx_word' id='word_1_448' title='bbox 1142 3894 1306 3943; x_wconf 81' lang='lat' dir='ltr'><strong>Gerlaehius</strong></span> 
     </span>
     <span class='ocr_line' id='line_1_46' title="bbox 164 3961 1308 4027; baseline -0.003 -15"><span class='ocrx_word' id='word_1_449' title='bbox 164 3969 227 4012; x_wconf 85' lang='lat' dir='ltr'><strong>aute</strong></span> <span class='ocrx_word' id='word_1_450' title='bbox 246 3981 343 4013; x_wconf 76' lang='lat' dir='ltr'><strong>rrrrrrna</strong></span> <span class='ocrx_word' id='word_1_451' title='bbox 363 3964 520 4019; x_wconf 80' lang='lat' dir='ltr'><strong>exhibuere,</strong></span> <span class='ocrx_word' id='word_1_452' title='bbox 538 3971 589 4011; x_wconf 86' lang='lat' dir='ltr'><strong>tam</strong></span> <span class='ocrx_word' id='word_1_453' title='bbox 607 3969 741 4027; x_wconf 87' lang='lat' dir='ltr'><strong>sumptum</strong></span> <span class='ocrx_word' id='word_1_454' title='bbox 760 3963 796 4011; x_wconf 85' lang='lat' dir='ltr'><strong>sit</strong></span> <span class='ocrx_word' id='word_1_455' title='bbox 808 3963 918 4026; x_wconf 76' lang='lat' dir='ltr'><strong>ignero;</strong></span> <span class='ocrx_word' id='word_1_456' title='bbox 939 3963 1010 4025; x_wconf 87' lang='lat' dir='ltr'><strong>apud</strong></span> <span class='ocrx_word' id='word_1_457' title='bbox 1025 3963 1102 4010; x_wconf 87' lang='lat' dir='ltr'><strong>Lien.</strong></span> <span class='ocrx_word' id='word_1_458' title='bbox 1123 3961 1308 4024; x_wconf 75' lang='lat' dir='ltr'><strong>nonlegitu1·.</strong></span> 
     </span>
     <span class='ocr_line' id='line_1_47' title="bbox 162 4030 1305 4093; baseline -0.002 -13"><span class='ocrx_word' id='word_1_459' title='bbox 162 4031 219 4080; x_wconf 72' lang='lat' dir='ltr'><strong>Nee</strong></span> <span class='ocrx_word' id='word_1_460' title='bbox 240 4032 465 4092; x_wconf 71' lang='lat' dir='ltr'><strong>vcroobscurum</strong></span> <span class='ocrx_word' id='word_1_461' title='bbox 484 4032 549 4088; x_wconf 82' lang='lat' dir='ltr'><strong>erit,</strong></span> <span class='ocrx_word' id='word_1_462' title='bbox 570 4046 618 4079; x_wconf 88' lang='lat' dir='ltr'><strong>cur</strong></span> <span class='ocrx_word' id='word_1_463' title='bbox 634 4032 771 4080; x_wconf 79' lang='lat' dir='ltr'><strong>lrrrmitioris</strong></span> <span class='ocrx_word' id='word_1_464' title='bbox 789 4030 962 4080; x_wconf 82' lang='lat' dir='ltr'><strong>inserendum</strong></span> <span class='ocrx_word' id='word_1_465' title='bbox 982 4034 1083 4093; x_wconf 75' lang='lat' dir='ltr'><strong>puteus.</strong></span> <span class='ocrx_word' id='word_1_466' title='bbox 1122 4030 1232 4078; x_wconf 78' lang='lat' dir='ltr'><strong>Etenim</strong></span> <span class='ocrx_word' id='word_1_467' title='bbox 1251 4045 1305 4078; x_wconf 90' lang='lat' dir='ltr'><strong>non</strong></span> 
     </span>
     <span class='ocr_line' id='line_1_48' title="bbox 163 4096 1305 4163; baseline -0.002 -17"><span class='ocrx_word' id='word_1_468' title='bbox 163 4099 243 4147; x_wconf 87' lang='lat' dir='ltr'><strong>credo</strong></span> <span class='ocrx_word' id='word_1_469' title='bbox 263 4098 436 4158; x_wconf 76' lang='lat' dir='ltr'><strong>Sallustium,</strong></span> <span class='ocrx_word' id='word_1_470' title='bbox 462 4099 623 4163; x_wconf 84' lang='lat' dir='ltr'><strong>scriptorem</strong></span> <span class='ocrx_word' id='word_1_471' title='bbox 642 4098 669 4145; x_wconf 92' lang='lat' dir='ltr'><strong>iu</strong></span> <span class='ocrx_word' id='word_1_472' title='bbox 687 4098 873 4162; x_wconf 80' lang='lat' dir='ltr'><strong>exsequendis</strong></span> <span class='ocrx_word' id='word_1_473' title='bbox 895 4097 1028 4161; x_wconf 85' lang='lat' dir='ltr'><strong>obpositis</strong></span> <span class='ocrx_word' id='word_1_474' title='bbox 1047 4096 1305 4160; x_wconf 75' lang='lat' dir='ltr'><strong>diligentissumum,</strong></span> 
     </span>
     <span class='ocr_line' id='line_1_49' title="bbox 163 4164 989 4230; baseline -0.002 -17"><span class='ocrx_word' id='word_1_475' title='bbox 163 4165 230 4214; x_wconf 86' lang='lat' dir='ltr'><strong>nihil</strong></span> <span class='ocrx_word' id='word_1_476' title='bbox 249 4167 405 4230; x_wconf 79' lang='lat' dir='ltr'><strong>scripsisse,</strong></span> <span class='ocrx_word' id='word_1_477' title='bbox 426 4167 495 4229; x_wconf 70' lang='lat' dir='ltr'><strong>«prod</strong></span> <span class='ocrx_word' id='word_1_478' title='bbox 515 4166 654 4215; x_wconf 85' lang='lat' dir='ltr'><strong>altitudini</strong></span> <span class='ocrx_word' id='word_1_479' title='bbox 672 4165 784 4215; x_wconf 73' lang='lat' dir='ltr'><strong>Siciliae</strong></span> <span class='ocrx_word' id='word_1_480' title='bbox 803 4164 989 4229; x_wconf 80' lang='lat' dir='ltr'><strong>respondere-t.</strong></span> 
     </span>
    </p>
   </div>
   <div class='ocr_carea' id='block_1_7' title="bbox 163 4282 1307 4463">
    <p class='ocr_par' dir='ltr' id='par_1_7' title="bbox 163 4282 1307 4463">
     <span class='ocr_line' id='line_1_50' title="bbox 248 4282 1307 4364; baseline -0.004 -22"><span class='ocrx_word' id='word_1_481' title='bbox 248 4285 304 4342; x_wconf 76' lang='lat'><strong>³³²2!</strong></span> <span class='ocrx_word' id='word_1_482' title='bbox 336 4285 453 4364; x_wconf 65' lang='lat' dir='ltr'><strong>[licite.</strong></span> <span class='ocrx_word' id='word_1_483' title='bbox 477 4289 506 4342; x_wconf 87' lang='lat' dir='ltr'><strong>G.</strong></span> <span class='ocrx_word' id='word_1_484' title='bbox 527 4283 581 4363; x_wconf 84' lang='lat' dir='ltr'><strong>ts].</strong></span> <span class='ocrx_word' id='word_1_485' title='bbox 627 4282 752 4361; x_wconf 75' lang='lat' dir='ltr'><strong>Scyllam</strong></span> <span class='ocrx_word' id='word_1_486' title='bbox 781 4282 900 4342; x_wconf 87' lang='lat' dir='ltr'><strong>adcolae</strong></span> <span class='ocrx_word' id='word_1_487' title='bbox 930 4291 1032 4341; x_wconf 78' lang='lat' dir='ltr'><strong>satum</strong></span> <span class='ocrx_word' id='word_1_488' title='bbox 1056 4284 1129 4340; x_wconf 88' lang='lat' dir='ltr'><strong>mari</strong></span> <span class='ocrx_word' id='word_1_489' title='bbox 1157 4283 1307 4341; x_wconf 85' lang='lat' dir='ltr'><strong>inminens</strong></span> 
     </span>
     <span class='ocr_line' id='line_1_51' title="bbox 163 4381 1059 4463; baseline -0.002 -18"><span class='ocrx_word' id='word_1_490' title='bbox 163 4385 309 4463; x_wconf 85' lang='lat' dir='ltr'><strong>adpellant</strong></span> <span class='ocrx_word' id='word_1_491' title='bbox 330 4385 422 4445; x_wconf 85' lang='lat' dir='ltr'><strong>simile</strong></span> <span class='ocrx_word' id='word_1_492' title='bbox 442 4384 606 4446; x_wconf 83' lang='lat' dir='ltr'><strong>celebratae</strong></span> <span class='ocrx_word' id='word_1_493' title='bbox 632 4387 742 4445; x_wconf 84' lang='lat' dir='ltr'><strong>termae</strong></span> <span class='ocrx_word' id='word_1_494' title='bbox 766 4382 870 4461; x_wconf 88' lang='lat' dir='ltr'><strong>procul</strong></span> <span class='ocrx_word' id='word_1_495' title='bbox 891 4381 1059 4443; x_wconf 83' lang='lat' dir='ltr'><strong>uisentibus.</strong></span> 
     </span>
    </p>
   </div>
   <div class='ocr_carea' id='block_1_8' title="bbox 0 0 1393 5010">
    <p class='ocr_par' dir='ltr' id='par_1_8' title="bbox 0 0 1393 5010">
     <span class='ocr_line' id='line_1_52' title="bbox 0 0 1393 5010; baseline 0 0"><span class='ocrx_word' id='word_1_496' title='bbox 0 0 1393 5010; x_wconf 95' lang='lat' dir='ltr'><strong> </strong></span> 
     </span>
    </p>
   </div>
  </div>
 </body>
</html>
