2768 5010
431 379 657 423 ursroaranvn
683 382 743 421 nm.
767 381 801 424 1v
823 371 956 427 ut—tt.
1210 363 1290 427 101.

212 529 278 579 Isid.
298 529 344 580 Or.
364 531 431 581 xm
445 529 513 593 18‚4
532 549 557 596 p.
570 529 629 591 426,
649 531 692 581 his
711 532 824 581 additis:
843 535 909 582 uude
926 540 951 582 et
963 541 1144 584 merustruormn
1162 543 1270 601 speeiem

125 598 229 659 subutoe
242 599 279 648 itli
288 600 422 657 dederunt,
442 603 515 666 quari
528 601 637 662 sormunt
649 601 761 656 turrinis,
780 603 879 649 conteis
896 603 1048 651 antemusium
1059 604 1192 666 capitibus,
1212 607 1270 672 quie

127 667 209 716 estut
224 665 260 715 ibt
275 666 367 728 [luctus
387 671 496 716 latratus
518 669 633 717 uidentur
651 670 805 731 exprimere.
842 670 918 717 Serv.
938 668 972 717 ad
991 669 1072 735 Verg.
1092 671 1124 720 A.
1143 672 1184 721 111
1200 671 1267 722 tae:

127 733 263 784 Sallustius
284 748 379 783 saxum
401 750 456 784 esse
479 737 553 789 dicit.
578 735 668 784 simile
693 736 797 785 formae
817 735 975 785 celebratae
994 736 1089 801 procul
1107 738 1267 790 visentibus.

129 801 211 851 Gener
227 816 288 851 vero
306 808 332 851 et
349 806 403 865 trrpt
419 802 450 852 ob
465 803 516 853 rios
533 820 569 853 ea·
586 819 618 852 ee
643 805 698 851 noti
714 818 769 852 esse
784 805 927 866 stupentur,
952 806 1012 869 quio
1034 806 1092 868 ipsu
1114 809 1171 856 locu
1190 811 1269 871 pleno

125 875 183 918 suut
196 873 315 918 monstris
326 873 432 919 uterina
443 877 469 919 et
480 886 601 920 aurorum
614 874 743 935 aelrerilur
761 874 812 919 illic
829 873 941 919 imitatur
952 875 1062 922 latratus
1073 888 1168 922 omrem.
1200 875 1268 926 Cum

128 942 223 1000 aperte
242 937 352 986 Servius
365 937 479 987 Sallusti
497 938 583 988 verba
596 940 623 987 in
643 938 753 987 brevius
772 939 954 995 contraxerit,
974 940 1099 1004 proiecto
1111 956 1164 990 uon
1177 942 1265 1002 video,

127 1018 176 1053 aur
193 1005 286 1069 priora
303 1004 353 1053 illa
371 1004 457 1055 verba
477 1021 546 1069 quae
559 1007 632 1071 apud
643 1006 775 1054 Isidorum
794 1005 928 1068 leguntur,
948 1006 1009 1071 ipsa
1023 1006 1192 1058 Sallustiana
1206 1026 1266 1060 esse

125 1086 266 1136 negemus,
284 1072 338 1121 nisi
357 1087 390 1121 ea
408 1073 522 1137 indigna
540 1071 587 1122 illo
606 1074 738 1137 scriptore
758 1073 843 1122 iuuisse
857 1073 1009 1123 ostenderis
1027 1073 1091 1137 (vid.
1105 1075 1217 1140 Kreyss.
1232 1078 1267 1127 ad

125 1137 193 1187 Sall.
212 1139 324 1203 Fragm.
344 1140 434 1189 Vatia.
457 1139 522 1189 1835
546 1157 571 1204 p.
591 1140 644 1203 bi).
682 1141 749 1189 Cum
768 1156 832 1189 vero
851 1156 939 1204 neque
958 1140 994 1190 eb
1018 1141 1131 1192 Sallusti
1155 1144 1266 1208 ingenio

125 1204 246 1255 alienum
264 1207 391 1256 videatur
408 1209 524 1257 omnium
544 1208 577 1257 de
590 1208 683 1270 Scylla
702 1206 857 1257 fabularum
871 1209 1004 1273 originem
1023 1210 1171 1274 explicare,
1192 1218 1219 1260 et
1231 1213 1267 1262 sit

124 1273 154 1322 in
172 1288 223 1337 que
242 1275 350 1339 speeies
369 1275 504 1338 quaedam
522 1275 708 1325 Sallustianae
727 1275 860 1324 orationis
873 1275 1017 1340 adpareat,
1036 1276 1141 1327 relicua
1160 1294 1266 1344 quoque

126 1340 162 1389 ab
181 1356 214 1391 eo
233 1342 337 1407 scripta
357 1342 441 1392 fuisse
459 1343 597 1408 suspicor,
617 1348 660 1393 set
678 1358 767 1407 neque
787 1358 856 1406 quae
876 1344 935 1392 eius
953 1345 1039 1394 verba
1057 1345 1160 1394 inerint
1177 1361 1265 1414 neque

125 1423 177 1472 quo
196 1422 331 1471 connexu,
351 1409 475 1460 divinare
494 1411 590 1460 aurleo.

210 1542 249 1602 te
274 1543 334 1624 [tir.
350 1550 392 1602 37.
419 1549 449 1603 G.
469 1543 523 1624 17].
569 1544 732 1624 Charybdis
754 1564 835 1606 rurore
861 1549 1056 1616 vorticosum.
1086 1550 1164 1628 quod
1189 1552 1264 1611 iorte

124 1642 210 1704 inlata
233 1645 385 1723 rrurriragia
405 1645 530 1706 sorbens
553 1645 719 1724 gurgitibus
741 1645 864 1707 occultis
886 1646 964 1707 ruilie
981 1652 1131 1728 sexaginta
1151 1651 1263 1714 Tauro·

123 1747 269 1806 manliana
290 1746 326 1807 ad
349 1747 444 1807 littore
467 1747 571 1815 trabit,
597 1747 646 1807 ubi
670 1766 700 1807 se
723 1747 828 1808 laniata
851 1751 964 1824 rrarigia
986 1749 1077 1811 iundo
1097 1761 1262 1829 emergunt.

208 1863 267 1912 lior
292 1864 475 1929 fragmentum
500 1881 532 1913 ex
557 1865 731 1928 conpluribus
759 1872 881 1914 veterum
909 1866 1072 1929 scriptorum
1094 1867 1163 1918 loeis
1186 1877 1263 1920 reete

124 1930 244 1980 eslitores
268 1932 422 1981 coniecere.
464 1932 582 1981 Primum
606 1933 669 1981 isid.
696 1931 742 1981 Or.
762 1932 805 1981 ΙΙΙ
825 1931 869 1990 18,
889 1932 905 1981 5
923 1948 949 1997 p.
968 1932 1020 1981 4⁸20
1042 1934 1111 1984 haee
1135 1937 1260 1986 tradidit:

125 1997 266 2061 t'lrarybdis
289 1999 369 2054 dictu,
395 2001 464 2064 quod
482 2000 622 2063 puroitilrus
644 2003 747 2049 oeerrltis
770 2015 846 2049 naues
864 1999 1009 2049 absorbeat.
1047 2001 1094 2049 Eat
1112 2005 1175 2051 euim
1193 2021 1262 2054 mare

122 2068 271 2116 rusticorum
293 2073 319 2114 et
341 2068 399 2115 inde
422 2067 458 2116 ibi
474 2071 571 2116 luulutu
588 2068 726 2130 uarrfrupio
748 2067 876 2130 profundo
894 2074 1031 2132 emeryuut.
1071 2068 1121 2118 Ter
1138 2077 1219 2120 erstem
1237 2079 1262 2120 tn

123 2134 166 2182 die
183 2135 259 2197 eripit
279 2130 320 2198 [riu
340 2135 428 2200 egerit
434 2135 456 2192 l]
473 2136 563 2198 sistetur
582 2141 607 2183 et
619 2142 660 2183 ter
678 2134 804 2184 obsorbet.
837 2134 901 2183 Num
913 2136 1007 2199 noeipit
1024 2152 1106 2200 uqrros
1117 2143 1143 2185 ut
1155 2147 1261 2200 suomet,

123 2202 196 2250 uomit
213 2207 240 2249 ut
257 2217 355 2250 rursum
373 2206 491 2264 accipiet.
529 2204 605 2251 Serv.
619 2206 710 2251 autem
724 2201 759 2250 ad
771 2201 854 2266 Verg.
873 2203 942 2250 Aen.
960 2201 1049 2251 1117:
1069 2206 1137 2268 quod
1152 2206 1184 2253 de
1198 2207 1261 2255 tita-

123 2267 200 2331 rylrdi
216 2272 309 2332 tepitur
326 2295 358 2303 -
377 2272 409 2318 de
428 2285 475 2333 quio
498 2271 535 2318 eit
553 2269 688 2318 Sallustius
707 2268 861 2331 Charybdis
883 2284 959 2318 mare
980 2270 1188 2325 verticularum.
1212 2290 1260 2337 pro

124 2351 176 2400 quo
188 2338 338 2386 vorticosum
350 2337 523 2385 scribendum
537 2353 598 2385 esse
613 2342 641 2384 et
658 2353 692 2385 ex
709 2336 809 2385 Isidori
826 2335 887 2385 loeo
905 2343 933 2385 et
950 2336 1022 2386 Plin.
1041 2337 1076 2387 Η.
1089 2338 1121 2387 Ν.
1135 2339 1177 2389 ΙΙΙ
1189 2338 1213 2400 8,
1231 2340 1260 2389 lt

124 2402 247 2468 adparet.
273 2403 381 2453 Deinde
396 2406 471 2452 Serv.
487 2404 521 2452 ad
533 2404 615 2466 Vsrg.
630 2405 661 2452 Α.
677 2404 717 2452 ΙΙΙ
729 2403 793 2452 420:
812 2405 1005 2453 uindemiarum
1017 2406 1149 2468 pristinum
1166 2414 1260 2457 serem.

124 2470 189 2519 Nora
205 2471 293 2521 sordet
305 2474 422 2521 runiuerso
440 2469 519 2536 [quoe
531 2468 682 2534 prehendit]
699 2478 724 2520 et
735 2473 869 2520 secuudum
882 2472 1025 2523 Sallustium
1037 2487 1070 2521 eu
1080 2474 1151 2523 circa
1168 2475 1261 2525 Tauro·

122 2541 270 2587 menitauurn
288 2541 357 2588 littus
375 2541 464 2603 suerit,
485 2546 565 2602 atque
585 2539 619 2587 ad
638 2538 702 2586 ¹125:
720 2539 876 2589 tradentem:
894 2538 1028 2589 Sallustiru
1046 2540 1116 2603 quod
1135 2542 1205 2591 forte
1220 2544 1259 2591 iu·

122 2604 183 2655 lata
200 2607 348 2668 naufragia
361 2607 474 2656 sorbens
487 2606 640 2671 girrgitibue
652 2606 768 2655 occultis
780 2605 858 2654 milia
869 2607 1015 2670 sexaginta
1026 2606 1259 2659 Tauromenitana

123 2674 157 2722 ad
176 2672 269 2723 littora
289 2674 384 2722 trabit.
426 2673 552 2736 Denique
571 2674 649 2722 Artis.
668 2690 695 2738 p.
714 2672 777 2721 2¹29:
802 2677 905 2738 enrerqtt
926 2689 963 2723 se.
1004 2674 1099 2725 Solust.
1119 2677 1188 2726 Hr‘st.
1208 2678 1259 2727 IV:

121 2741 168 2790 ubi
188 2756 218 2789 se
236 2741 342 2790 laniata
360 2741 474 2805 navigia
492 2741 574 2789 tundo
588 2745 738 2805 emergunt.
775 2740 902 2790 Ceterum
917 2756 978 2790 eum
996 2741 1059 2791 San.
1080 2748 1136 2793 nat.
1150 2759 1193 2808 qu.
1208 2745 1258 2794 Vll

120 2806 146 2863 8.
165 2809 181 2855 ⁶2
199 2826 226 2873 p.
245 2808 295 2857 30¹2
314 2809 356 2857 ud.
378 2810 464 2857 Haas.
484 2808 554 2856 liaeo
573 2809 728 2872 arripuerit:
747 2809 839 2856 deinde
857 2809 980 2858 teredinum
998 2816 1165 2874 montanoque
1183 2818 1260 2861 estet

121 2877 241 2925 dierectus
265 2883 290 2924 et
307 2882 334 2923 ut
352 2876 468 2925 Saliustii
489 2881 548 2923 retur
566 2876 661 2927 surdis.
687 2876 853 2935 verticosus,
877 2883 1027 2926 cometarum
1047 2885 1128 2927 eutem
1150 2884 1214 2929 eet..
1234 2888 1260 2929 et

123 2943 287 2992 Gerlacbius
312 2950 339 2991 et
363 2944 484 2992 Kritzius
507 2943 558 2993 luto
582 2943 722 3007 singulare
747 2942 930 3007 fragmentum
954 2959 1017 2993 esse
1035 2944 1194 3005 volutarunt,
1213 2947 1259 2996 ille

121 3010 278 3059 Sallustium
298 3012 410 3060 multum
430 3011 514 3058 inisse
533 3010 560 3057 in
579 3016 719 3058 ventorum
744 3009 849 3059 carresis
868 3011 1025 3074 aperiendis
1037 3016 1120 3060 ‘ratus
1138 3014 1188 3076 (ΙΙΙ
1207 3013 1260 3069 tet.

120 3078 166 3127 hie
179 3078 213 3126 de
226 3084 316 3135 vento,
336 3079 381 3142 qui
395 3079 423 3126 iu
436 3078 566 3126 Armenia
579 3078 681 3126 minore
695 3078 730 3125 bl.
746 3077 818 3126 Fabi
834 3083 862 3125 et
875 3077 1042 3128 Mithridatis
1056 3085 1148 3129 cestra
1161 3082 1260 3131 distur-

121 3145 199 3194 bavit
217 3145 301 3210 (App.
322 3146 348 3194 b.
369 3147 404 3194 bi.
424 3145 457 3192 SS
476 3161 501 3208 p.
521 3143 580 3199 395.
604 3143 655 3202 tut,
675 3145 730 3193 diei
750 3144 900 3194 arbitratus
919 3146 951 3207 tV
971 3144 1006 3201 u).
1044 3147 1091 3195 Set
1108 3148 1194 3196 uerba
1213 3148 1260 3197 Se·

121 3228 207 3262 uerae
231 3214 254 3262 ei
278 3212 428 3277 diligenter
453 3212 686 3271 consideraveris,
715 3211 782 3259 nibil
812 3227 873 3261 eum
898 3212 932 3261 ab
957 3213 1088 3262 Sallustio
1110 3216 1259 3279 asumpsisse

120 3286 206 3344 patet,
226 3281 278 3328 uisi
298 3280 458 3329 uocabulum
477 3283 625 3338 vorticosus,
645 3293 734 3343 neque
754 3278 878 3328 obtendit
896 3279 1009 3343 pluralis
1027 3280 1117 3331 uerbis.
1136 3283 1259 3344 qrramris

120 3346 203 3396 facile
228 3350 265 3397 sit
289 3348 435 3397 emendare
459 3347 543 3395 uer-lo.
586 3346 644 3395 laur
668 3362 702 3394 ue
721 3344 787 3393 illud
807 3345 913 3409 quidem
933 3354 1035 3396 eertum
1055 3363 1115 3396 esse
1135 3348 1259 3412 adparet.

119 3423 208 3464 utrum
227 3415 373 3464 Sallustius
391 3414 525 3463 vocabulo
545 3414 590 3463 illo
609 3414 642 3462 de
661 3413 768 3461 turbine
793 3412 835 3460 rel
860 3418 941 3462 nerito
959 3414 1072 3470 dixerit,
1098 3430 1133 3463 an
1152 3413 1260 3465 Seneca

119 3482 151 3531 de
177 3482 233 3531 alia
258 3500 284 3531 re
309 3483 411 3531 ‹lietum
435 3483 494 3546 ipse
520 3481 554 3530 ad
573 3481 710 3529 turbinum
735 3485 822 3528 strutus
840 3479 1020 3529 transtulerit.
1056 3480 1124 3529 Mihi
1143 3481 1259 3545 quidem.

119 3565 180 3599 oum
191 3556 298 3599 constet
308 3549 467 3599 Sallustium
475 3552 698 3597 rum-euorlieosuru
708 3546 819 3603 elisisse,
830 3547 938 3596 eusitius
949 3547 1055 3595 vitietur
1063 3547 1116 3597 boc
1127 3553 1258 3597 statuere.

203 3668 243 3727 23
267 3667 328 3746 [llr.
345 3675 386 3724 :tu
407 3673 435 3724 u.
456 3665 511 3744 le]¹
556 3664 675 3743 Tripliri
699 3664 797 3725 ssurtu.

204 3787 280 3834 Serv.
301 3785 335 3834 ad
354 3786 435 3848 Verg.
455 3785 486 3833 Α.
507 3785 518 3832 Ι
540 3783 599 3837 1Ιῦ,
624 3799 694 3848 quiae
720 3783 753 3831 ad
773 3781 938 3844 Charybdim
962 3781 1125 3845 pertinuisse
1147 3799 1179 3832 ex
1199 3783 1259 3833 loco

118 3853 216 3903 Isidori
236 3853 270 3901 ad
288 3854 320 3900 ‘22‘
340 3852 432 3901 adlato
451 3853 575 3916 adparet.

204 3970 243 4030 tt
267 3971 326 4050 [tir.
342 3978 384 4027 39.
415 3975 443 4026 u.
462 3968 519 4048 ut].
561 3968 698 4028 l‘elurum
720 3968 958 4044 promunturium
980 3965 1091 4026 dietum
1112 3987 1128 4029 u
1151 3968 1259 4045 guber·

120 4080 221 4131 nature
246 4070 415 4130 lluuuibalis
436 4069 491 4129 illie
515 4069 638 4146 sepulto.

204 4191 279 4239 Serv.
295 4189 328 4237 ad
341 4189 424 4249 Vere.
433 4188 500 4236 deri.
517 4187 556 4235 111
570 4184 633 4234 ill:
648 4187 736 4234 Pelori
741 4204 750 4240 ‚·
761 4186 960 4248 praesentarium
968 4184 1071 4234 Stetliue
1081 4193 1118 4235 est
1127 4189 1260 4237 secumdum

119 4260 269 4313 Sallustium,
288 4259 378 4306 dictum
391 4249 588 4319 upsidernuture
603 4253 756 4302 Ilorrnilrulis
768 4255 818 4301 illie
826 4255 932 4315 sepulto.
951 4256 994 4317 qui
1002 4251 1090 4313 riserat
1103 4256 1201 4303 rucei-rue
1212 4271 1261 4316 per·

119 4329 187 4388 repis
205 4328 381 4388 ipsorummet,
401 4339 453 4372 rum
472 4338 499 4370 se
518 4324 571 4370 ciere
589 4322 647 4369 doto
665 4322 785 4369 crederet
807 4334 863 4368 esse
881 4321 1022 4383 dereptum.
1042 4324 1143 4369 uertitur
1160 4324 1192 4370 de
1213 4323 1259 4370 Ρο-

118 4395 189 4441 tilio:
209 4408 355 4456 qiuaruquurn
374 4393 506 4454 teperirnus
524 4390 597 4437 etiarn
616 4393 675 4435 unte
694 4388 811 4436 Petorum
829 4388 928 4436 dictum.
963 4387 1028 4435 Isid.
1049 4387 1096 4437 Or.
1112 4389 1178 4438 a'tv
1197 4390 1225 4448 7,
1245 4390 1259 4436 d

616 4574 884 4696 Pk.
