2768 5010
424 402 729 450 eouununnuiouuu
752 405 823 450 ene.
846 405 877 450 v.
1170 381 1223 446 lbl

85 559 166 617 luisse
187 558 250 617 inde
271 557 375 624 eluoet,
403 561 476 636 quod
498 557 694 638 statim'quam
717 562 830 619 arduum
858 562 959 619 sities
981 568 1072 636 gestas
1095 557 1222 623 scribere.

18 678 22 685 ·
84 671 212 737 quantum
233 660 336 719 laboris
354 672 381 719 et
404 664 566 721 intentionis
589 665 615 722 io
635 665 766 740 requirat,
789 682 925 740 exponere
946 664 1049 738 incipit.

165 765 256 822 llultis
280 764 496 823 dubitationibus
523 766 668 824 obnoxium
698 777 740 824 est
767 768 823 823 Cat.
846 784 868 823 o.
895 774 1090 828 sextremnni.
1133 765 1222 822 Aede

82 868 184 924 ultiniis
199 868 308 942 quidem
323 867 411 924 verbis
435 886 518 944 snpra
534 888 559 943 p.
579 879 610 930 ta
627 869 793 944 disputatum
817 879 868 932 est,
888 877 930 926 set
953 867 1088 924 nonnihil
1107 867 1222 924 dillieul·

82 971 144 1027 tatis
166 978 209 1025 est
227 969 307 1024 etiam
322 968 359 1024 iu
381 969 434 1034 eis,
462 988 531 1045 quae
554 972 728 1045 praecedunt.
770 972 889 1028 Pniniuni
911 971 981 1026 enini
1003 971 1144 1042 quaeritur
1166 987 1221 1044 quo

81 1072 160 1129 niodo
182 1069 263 1127 uerba
279 1077 373 1127 tamen
395 1073 471 1127 inter
489 1078 570 1128 tanta
586 1075 653 1130 uitia
672 1075 804 1131 inbecillo
817 1081 899 1130 aetas
913 1073 1063 1129 ambitione
1078 1079 1221 1144 conrupta

81 1175 231 1231 tenebatur
251 1171 438 1247 intellegumla
460 1174 523 1231 siut.
568 1173 641 1242 Quae
663 1175 789 1251 plerique
812 1177 851 1232 sio
873 1176 999 1232 videntur
1021 1174 1170 1248 accepisse,
1190 1183 1221 1231 ut

79 1281 223 1348 conrupta
245 1251 484 1349 prenominatum
507 1275 653 1350 singularis
673 1277 848 1334 haberentet
866 1279 942 1335 inter
956 1283 1037 1334 tanta
1052 1278 1118 1333 uitia
1134 1276 1221 1333 instar

79 1395 138 1435 esse
156 1378 290 1435 enuntiati
310 1378 477 1434 secundarii:
497 1379 618 1452 quamvis
640 1387 714 1436 tauta
735 1379 798 1436 vitia
820 1386 919 1442 essent,
944 1387 1080 1454 putarent,
1103 1387 1133 1434 ut
1152 1395 1219 1453 ergo

80 1481 212 1537 sententia
234 1487 323 1536 esset:
346 1488 436 1535 tamen
457 1497 517 1536 cum
537 1480 601 1537 vitia
624 1489 697 1537 tanta
717 1490 817 1544 essent,
837 1488 911 1537 aetas
932 1479 1057 1537 inbecilla
1072 1480 1219 1537 ambitione

77 1590 210 1656 conrupta
236 1589 296 1638 erat
326 1598 411 1656 enque
437 1591 515 1656 capta
544 1582 696 1660 tenebatur.
747 1582 794 1639 Set
822 1584 886 1657 quill
914 1581 986 1639 aliuil
1013 1582 1134 1657 scriptor
1152 1582 1219 1656 agit,

78 1683 129 1740 nisi
152 1692 183 1739 ut
201 1701 256 1757 quo
280 1683 361 1740 mollo
385 1684 484 1740 laetum
503 1683 539 1739 sit
557 1692 588 1740 nt
610 1685 636 1739 in
659 1684 755 1741 mulam
778 1684 874 1741 latinam
899 1685 1052 1746 incurrerit,
1076 1685 1219 1741 ostendat?

78 1785 155 1852 neon
177 1801 239 1840 cum
255 1792 327 1858 ngat,
347 1784 412 1860 quitl
430 1783 502 1841 alind
521 1785 608 1842 lacere
624 1795 724 1861 potest,
742 1803 821 1860 quam
839 1796 870 1843 ut
892 1804 922 1843 so
942 1795 1051 1843 excuset
1076 1786 1149 1860 quod
1163 1802 1218 1842 non

77 1887 153 1962 prius
174 1894 291 1943 aetatem
314 1904 377 1943 are
398 1886 506 1963 publiea
527 1886 624 1960 procul
641 1886 774 1952 habuerit,
792 1906 853 1944 oum
875 1896 929 1943 tani
951 1887 1036 1943 multa
1056 1888 1080 1942 ei
1104 1886 1218 1944 advorsa

76 1989 209 2051 luissent,
239 1996 313 2044 tanta
341 1987 404 2044 vitia
434 1989 461 2044 in
483 2006 513 2044 ne
535 1988 642 2063 publiea
665 1989 757 2067 vigere
780 1989 975 2045 intellexisset?
1016 1987 1110 2044 Nonne
1132 1988 1218 2061 igion

77 2099 201 2165 attentum
222 2098 263 2146 est
292 2092 368 2146 iuter
395 2097 477 2147 tantu
499 2093 567 2147 uitia
587 2092 730 2148 artissume
758 2109 818 2148 cuin
851 2091 1001 2146 tenebatur
1028 2090 1218 2162 coniungenda

76 2210 144 2253 esse.
168 2191 264 2249 eodem
287 2191 367 2247 mollo
389 2209 443 2265 quo
463 2193 564 2249 (licium
583 2195 660 2249 intro
677 2194 807 2249 claustro
823 2194 923 2261 teneri,
948 2192 1093 2264 Corcyrae
1108 2198 1216 2259 teneor,

76 2297 237 2351 exercitum
258 2295 288 2350 in
309 2295 419 2349 statiuis
440 2301 555 2350 tenere?
599 2293 683 2350 Inter
712 2301 793 2351 taneta
819 2297 886 2351 uitia
915 2301 1004 2350 autom
1033 2292 1133 2349 dietum
1157 2309 1217 2348 esse

77 2413 140 2470 pro:
164 2395 191 2451 in
212 2413 242 2452 re
263 2393 372 2470 publiea
392 2394 473 2452 tontis
495 2395 569 2451 vitiis
584 2396 723 2470 inquinata
746 2414 776 2453 ao
793 2394 908 2470 polluta,
931 2412 985 2453 uun
1008 2394 1094 2468 magis
1118 2394 1216 2450 mirum

78 2506 131 2559 est.
160 2514 248 2571 quam¹
270 2496 343 2571 qnoil
367 2503 447 2553 aetus
468 2495 569 2570 (mea)
591 2499 722 2554 inbecilla
750 2499 851 2555 aliatum
875 2505 917 2553 est
939 2515 1006 2572 pro:
1035 2513 1088 2570 ego
1112 2495 1216 2552 iuvenis

79 2597 220 2655 inbecillus
244 2596 394 2672 (Naegelsn.
416 2598 514 2655 'theon
536 2617 562 2673 p.
586 2599 639 2672 46).
683 2599 736 2656 lain
755 2617 809 2655 uon
832 2600 920 2655 minus
943 2607 1066 2673 apertum
1089 2598 1215 2654 ambitio·

79 2716 138 2756 nem
158 2717 219 2757 esse
240 2700 277 2762 it,
301 2700 373 2773 quod
395 2718 456 2757 euni
478 2702 609 2763 tenuerit,
636 2710 663 2757 et
692 2709 835 2772 conrupta
859 2701 882 2757 si
907 2719 958 2775 pro
981 2700 1146 2756 nominativo
1169 2700 1215 2755 ba·

79 2801 180 2866 beatur,
203 2809 325 2858 uetotem
346 2811 445 2858 tentam
464 2821 524 2858 esse
539 2803 591 2860 (liei
611 2803 683 2878 qnod
700 2802 846 2859 ambitione
864 2813 997 2878 conrupta
1013 2801 1103 2859 luerit.
1138 2796 1215 2869 nilon

82 2903 154 2977 qualo
175 2905 236 2961 esti
275 2907 315 2960 tln
340 2903 469 2960 translate
491 2904 591 2960 iliotnm
618 2922 681 2979 pro:
702 2905 728 2960 in
751 2923 861 2980 {traiano
882 2905 1016 2962 abstracta
1037 2903 1214 2976 (bestuolien.

81 3005 227 3078 verinum).
273 3007 307 3060 At
330 3007 356 3062 tt
378 3006 430 3063 uici
453 3023 506 3061 nou
529 3008 666 3079 oportuit,
698 3007 826 3080 qnoniam
849 3024 898 3081 por
915 3023 944 3062 so
968 3005 1145 3079 intellegitur,
1168 3005 1214 3079 qui

82 3108 222 3164 ambitione
245 3108 316 3164 inter
335 3117 408 3163 tanta
433 3107 496 3163 uitia
519 3116 661 3170 teneatur,
694 3126 724 3163 ea
748 3109 920 3165 obcaecatum
943 3125 1018 3170 esse,
1039 3117 1066 3163 ot
1088 3106 1214 3179 ambigue

80 3208 175 3266 dietum
197 3220 247 3271 est.
274 3209 336 3284 quia
356 3210 401 3283 qui
422 3209 567 3265 ambitione
589 3218 741 3283 conruptus
760 3219 820 3272 est,
844 3209 913 3266 male
934 3227 1014 3284 agere
1037 3227 1144 3283 semper
1165 3226 1215 3283 pu·

82 3318 156 3366 tatur.
204 3311 273 3379 lluiil
296 3328 360 3366 vero
384 3310 475 3367 obstat
498 3328 552 3384 qim
575 3311 663 3367 minus
684 3319 827 3383 conrupta
847 3329 897 3387 pro
920 3312 1036 3368 ablativo
1059 3311 1212 3373 babeamus,

81 3421 106 3467 ut
134 3414 191 3487 ipsa
219 3413 330 3469 ambitio
358 3421 492 3487 conrupta
518 3412 640 3468 dicatur?
683 3413 847 3484 Conruptus
870 3413 926 3469 lene
952 3432 1003 3487 pro
1027 3412 1157 3469 ailiectivo
1181 3413 1214 3467 ab

81 3512 204 3572 Sallustio
226 3515 347 3571 habitunt
365 3532 429 3569 esse
450 3513 576 3575 ostemlit,
600 3514 672 3587 qnod
696 3514 738 3569 l'r.
758 3515 769 3569 l
789 3520 831 3576 47,
855 3520 869 3573 t
897 3516 1023 3570 borennas
1051 3516 1213 3587 conruptio-

80 3619 148 3672 utmi
166 3617 279 3690 scripsit
300 3614 451 3689 (Naegelsb.
474 3614 492 3670 l.
517 3633 539 3671 c.
562 3635 588 3689 p.
615 3615 686 3688 190),
712 3625 804 3691 aptum
826 3625 914 3672 autem
936 3633 995 3671 osse
1016 3617 1048 3671 ael
1071 3616 1129 3671 eins
1153 3633 1214 3671 seu·

80 3719 193 3781 tentiam.
218 3718 290 3792 qiioil
312 3717 380 3774 inira
405 3725 434 3778 l.
456 3722 472 3774 '2
495 3718 607 3773 urnbitio
630 3720 706 3773 malo
725 3719 807 3781 olinit;
842 3719 957 3791 (leuique
987 3735 1040 3773 uim
1069 3717 1214 3774 verendum

79 3819 133 3882 luit,
152 3839 185 3877 ne
203 3819 329 3892 ambigua
351 3819 488 3875 videretur
516 3818 619 3882 oratio,
648 3820 775 3892 quoniam
801 3820 872 3894 apud
900 3820 1033 3876 llomanas
1063 3819 1088 3875 lt
1117 3820 1214 3876 aetatis

78 3918 225 3978 locutiones
245 3923 352 3975 misera
374 3920 444 3993 (Cio.
469 3921 512 3976 oll.
537 3921 546 3975 l
568 3927 616 3982 25.
639 3920 698 3993 ot).
721 3939 829 3992 prona,
856 3937 997 3992 peruersa
1019 3922 1132 3978 ambitio
1152 3939 1214 3996 per·

78 4022 195 4097 volgatae
218 4031 304 4079 erant.
346 4022 447 4081 llixerit
475 4023 526 4079 iani
557 4021 704 4096 quispiam,
732 4023 775 4079 bis
802 4022 969 4084 confirmari,
995 4040 1063 4096 (luae
1093 4022 1156 4078 oliin
1181 4024 1214 4080 all

77 4123 271 4181 ‹lelenileutlum
293 4124 413 4179 animab
436 4126 555 4196 reliquis
576 4126 659 4180 malis
682 4127 808 4181 moribus
824 4127 1002 4181 dissentirem
1025 4124 1136 4199 protuli,
1159 4144 1214 4181 nou

76 4233 194 4298 polluisse
225 4223 291 4280 Sall.
315 4226 350 4281 ab
375 4227 551 4297 reliquorum
576 4225 711 4288 seribere,
743 4227 869 4300 quioniam
899 4227 931 4283 ab
960 4245 1014 4284 uno
1039 4236 1113 4284 certe
1139 4226 1213 4289 vitio.

75 4329 227 4390 ambitione.
251 4344 306 4383 non
329 4325 397 4382 liber
416 4325 522 4382 luisset.
560 4326 632 4394 Quae
653 4328 758 4385 acutius
781 4346 861 4401 quani
882 4329 969 4385 serius
988 4329 1124 4403 disputata
1141 4336 1213 4385 sieut.

75 4427 134 4486 ‚lam
156 4427 335 4486 ambitionem
358 4429 385 4484 iu
408 4428 480 4484 vitiis
504 4427 584 4486 liabot
601 4428 762 4494 Sallustius,
790 4446 952 4506 quamquam
974 4438 1050 4493 lt‚l
1077 4430 1102 4487 ul
1119 4430 1214 4488 vitium
