2768 5010
378 359 869 434 mmmmmmstm
1137 363 1198 427 Μ

141 535 1198 624 Ηβωώὠηὸῃὼψπωωωὴωωωωὴψ

55 641 1199 726 tmfflmffimwfflwmmmmfflmmwm

57 751 311 811 mmmwm
702 743 705 748 ’

141 869 209 918 Non.
230 885 256 933 p.
275 867 322 917 90:
342 869 463 919 buxitus.
495 869 631 917 Sallustium
650 868 822 916 Historiarum
840 866 882 916 ut.
903 865 963 914 llll.
994 864 1026 914 lu
1045 864 1103 914 eius
1121 862 1200 912 libris

57 952 117 986 eum
137 938 266 1000 scriptum
286 936 321 984 sit
339 938 435 987 toritas
454 943 478 985 et
496 939 552 989 tort.
573 936 630 984 reri
649 934 798 984 aimillmna
816 950 883 983 sarie
902 938 945 983 est
957 932 1074 983 blerceri
1093 938 1121 983 et
1134 931 1199 980 (far-

58 1005 142 1054 rionis
161 1005 196 1054 ci.
216 1007 325 1054 lusitrue
344 1005 401 1054 loci.
437 1004 544 1052 Deinde
565 1002 626 1050 libri
646 1018 718 1055 ame.
743 1001 813 1066 quod
836 1001 960 1066 quamvis
984 1000 1099 1066 quodum
1122 998 1200 1048 modo

57 1072 169 1122 delendi
189 1074 275 1137 possit
294 1071 361 1134 (rid.
382 1086 452 1136 «puae
466 1071 530 1120 olim
550 1071 584 1120 ad
602 1071 662 1134 lug.
684 1070 748 1128 M
787 1107 792 1118 .
812 1069 845 1118 45
864 1068 1013 1125 adnotavi),
1034 1074 1200 1117 tamencum

56 1155 146 1205 neque
165 1140 344 1204 intellegatur
362 1155 411 1188 cur
429 1138 589 1198 Sallustius,
615 1138 660 1202 qui
679 1086 810 1187 arlvcrkie
834 1139 930 1186 aeriter
954 1142 1009 1186 tam
1033 1150 1117 1200 saepe
1136 1147 1201 1183 usus

58 1208 107 1265 sit,
132 1207 159 1256 h.
178 1207 249 1259 l..eo
268 1208 308 1256 uti
327 1206 445 1256 uoluerit
471 1234 495 1240 -
518 1207 571 1254 uisi
592 1205 662 1254 forte
682 1205 708 1253 id
728 1221 788 1254 eum
806 1204 972 1254 mirabilium
991 1203 1080 1253 studio
1099 1201 1201 1253 fecisse

59 1291 156 1325 censes
172 1302 202 1309 -
216 1282 243 1323 et
255 1277 427 1341 perspicuum
441 1275 479 1323 sit
491 1275 652 1323 rectissume
667 1273 722 1322 dici
736 1272 832 1338 quibus
852 1273 949 1322 animis
966 1272 1131 1322 invadentes
1143 1271 1201 1320 ius·

59 1345 123 1403 rint,
143 1358 204 1392 eum
224 1343 372 1393 Gerlnelrio
392 1341 561 1391 facillumum
576 1341 795 1390 crmuulntionem
809 1356 883 1390 acres
896 1338 1083 1405 recipiundam
1096 1337 1201 1403 putari.

59 1413 108 1461 Set
126 1414 156 1459 ut
174 1411 207 1459 dc
226 1411 366 1459 sententia
384 1410 499 1475 prinunu
519 1413 683 1474 exponatur,
708 1411 817 1458 lumitate
835 1412 886 1459 lori
907 1423 967 1457 cnm
985 1409 1119 1457 inclinatos
1138 1421 1201 1456 cou-

24 1533 27 1537 ,
59 1479 136 1543 iungi
155 1494 208 1527 non
225 1494 306 1543 posse
327 1479 460 1542 adparet.
486 1492 547 1526 eum
572 1479 693 1525 inclinare
718 1477 751 1526 de
776 1477 817 1525 eis
835 1482 940 1525 tnrrtmn
960 1477 1064 1525 dietum
1082 1474 1133 1533 sit,
1157 1472 1202 1538 qui

59 1562 153 1612 pugna
172 1546 302 1595 recedere
321 1552 469 1609 coguntur,
494 1560 582 1608 ireque
607 1545 715 1593 cumino
738 1544 801 1609 quid
820 1545 931 1594 tamlcm
950 1543 1112 1609 spatiositas
1130 1542 1202 1590 loco·

61 1629 119 1662 rurn
138 1613 172 1662 ad
191 1613 377 1662 inclinandam
397 1614 484 1662 aciem
504 1612 614 1661 arliornt
632 1611 824 1676 perspiciatur.
855 1613 891 1661 At
903 1612 1018 1661 laxitate.
1032 1610 1084 1659 loel
1103 1616 1133 1658 ut
1145 1609 1202 1675 plu·

61 1681 135 1730 ribus
153 1681 231 1730 simul
250 1681 369 1730 lrostium
388 1680 603 1730 irwademlorum
622 1681 702 1744 eopia
720 1679 783 1738 liat,
804 1680 938 1739 eflicitur,
961 1679 1033 1727 unde
1053 1677 1204 1727 ablativum

60 1749 137 1799 illum
158 1764 218 1797 cum
234 1752 323 1812 plures
341 1748 560 1813 coniungendam
578 1762 638 1796 (isse
657 1753 743 1812 patet.
780 1748 826 1796 Sic
851 1749 936 1812 igitur
955 1748 1151 1813 lastemnam,
1170 1745 1203 1793 de

61 1831 115 1880 qua
134 1815 281 1866 Sallustius
299 1821 408 1876 narrat,
429 1816 551 1879 cogitare
571 1815 715 1864 debemus:
736 1829 796 1863 euru
809 1815 902 1864 lrostes
915 1815 942 1863 iu
961 1813 1096 1880 auguratiis
1109 1813 1204 1877 inpetu

63 1885 138 1934 iacto
157 1885 212 1932 iam
232 1884 259 1932 iu
278 1884 444 1948 spatiosiora
462 1882 526 1931 loca
544 1882 643 1932 cedere
663 1883 761 1932 coacti-
771 1887 873 1942 essent,
891 1897 925 1931 ea
944 1881 997 1932 loci
1016 1880 1203 1946 oportunitate

61 1967 126 2001 usas
139 1951 231 2017 plures
249 1966 329 2015 quam
349 1955 432 2000 antea
446 1950 572 2000 cohortes
585 1966 631 1999 eos
644 1951 780 2000 invasisse
793 1955 875 2014 atquc
889 1964 983 1999 omues
1000 1949 1070 1997 utin
1083 1944 1205 1997 secunda

62 2036 91 2068 rc
112 2019 145 2069 ad
165 2019 340 2083 pugnandum
355 2034 434 2067 acres
447 2019 543 2067 luisse.
580 2018 611 2067 Id
628 2017 775 2082 inproelio
794 2017 828 2066 ad
840 2016 1007 2066 Mithridatis
1027 2023 1118 2066 eastra
1132 2013 1204 2081 apud

63 2087 166 2136 Cabirn
179 2087 315 2136 conmisso
329 2087 433 2136 iactum
447 2101 508 2135 esse
522 2085 655 2135 credibile
668 2100 722 2135 uon
735 2100 805 2143 csse,
819 2086 865 2149 qui
879 2085 970 2134 omnia
983 2084 1017 2134 da
1036 2096 1068 2132 ee
1080 2087 1204 2133 veterum

62 2154 223 2219 scriptorum
247 2154 405 2203 testimonia
429 2153 623 2218 exploraverit,
648 2153 732 2202 facile
757 2152 808 2208 sibi
827 2150 1018 2225 persuadebit,
1042 2156 1085 2200 set
1107 2148 1204 2200 similis

62 2222 170 2271 videtur
182 2237 274 2286 pugna
288 2222 383 2279 luisse,
403 2222 436 2270 de
455 2237 509 2284 (pua
528 2221 598 2269 Plut.
620 2222 686 2270 Luc.
704 2220 733 2269 li
751 2221 813 2269 init.
827 2225 935 2270 narrat:
957 2218 999 2269 Ea
1012 2210 1114 2268 rodaco
1126 2215 1205 2279 Σωρ·

64 2282 161 2346 νάτιος
179 2283 232 2352 μὲν
251 2280 298 2338 tat
316 2288 396 2338 σίτου
415 2281 539 2354 κομιδὴν
558 2279 696 2354 ἐπέμφθη
719 2281 790 2353 μετὰ
810 2282 880 2338 δέκα
899 2285 1022 2350 σπειρῶν
1041 2283 1157 2351 (σπεῖρα
1176 2289 1205 2333 et

63 2358 96 2406 de
116 2356 261 2421 manipulis
280 2357 359 2405 etde
379 2356 536 2406 cohortibus
554 2356 610 2405 diei
627 2362 720 2405 uotum
739 2356 801 2416 est),
832 2352 881 2406 aul
899 2349 1109 2418 καταδιωχθεὶς
1128 2353 1204 2429 (ergo

63 2426 90 2475 iu
111 2425 253 2489 uugrrstias
272 2423 434 2488 conpulsus)
457 2414 515 2472 ὑπὸ
533 2416 725 2487 Μενάνδρου,
749 2422 805 2473 teir
828 2415 1018 2486 Μιθριδάτου
1041 2435 1206 2486 creaturae

65 2483 138 2553 ἰνὸς,
157 2482 277 2556 dnicae
296 2488 345 2542 aul
365 2483 515 2557 συμβαλών
534 2483 626 2555 φόνον
645 2483 760 2556 ἐποίησε
778 2485 870 2542 πολὺν
888 2487 937 2541 acl
956 2482 1065 2554 τροπὴν
1082 2486 1138 2539 miv
1155 2502 1205 2557 aa·

64 2558 177 2625 teratur.
213 2560 271 2609 Nee
290 2575 354 2609 vero
373 2559 475 2608 iutilior
492 2560 646 2628 aptissumc
661 2559 731 2609 haec
749 2560 835 2609 verba
853 2558 941 2610 locum
963 2558 1067 2609 babere
1084 2556 1206 2625 potuisse

64 2628 92 2677 in
111 2628 297 2693 descriptione
316 2643 424 2692 pugnae
445 2627 479 2676 ad
497 2628 641 2677 Arsaniam
661 2627 754 2677 laetae
774 2625 839 2690 (vid.
860 2628 894 2679 fr.
912 2626 966 2690 62).

151 2744 1109 2825 ffiffibstm.mmmmmwmmmmm.

150 2865 228 2913 drus.
250 2881 275 2929 p.
295 2863 357 2912 245:
377 2867 504 2913 introitum
523 2868 547 2912 ia
562 2868 605 2913 itta
617 2869 680 2922 toea,
700 2864 747 2914 ubi
767 2867 860 2914 aut'iu
873 2865 1002 2915 lemmate
1016 2870 1136 2915 erratum
1155 2866 1206 2925 est,

66 2938 112 2981 aut
132 2931 208 2982 loeus
227 2932 340 2980 Sallusti
360 2932 388 2980 in
405 2932 482 2980 libris
495 2933 566 2981 male
580 2932 712 2997 scriptus:
732 2936 770 2981 itu
781 2940 869 2983 castra
885 2939 940 2982 stae
956 2937 1057 2983 aulum
1070 2936 1205 2983 introitura.

66 3003 114 3049 Set
133 3017 167 3048 ea
186 3000 322 3064 scripturn
341 2999 445 3049 (luobus
465 3000 542 3050 Servi
561 2999 628 3048 locis
647 3000 813 3059 defenditur,
833 3001 868 3050 ad
886 3002 969 3067 Verg.
989 3001 1020 3050 n.
1039 3001 1064 3050 X
1081 3000 1140 3053 628.
1160 2999 1206 3051 nbi

65 3067 179 3117 Sallusti
198 3074 286 3117 (fastra
302 3069 356 3116 siue
374 3071 475 3117 coluere
493 3069 620 3117 introitum
640 3074 806 3132 conparatur
829 3085 889 3118 eum
907 3066 1014 3134 Vergili
1034 3085 1122 3134 pacem
1144 3068 1206 3119 Tro·

65 3139 123 3185 iuno
142 3135 173 3183 ab
192 3152 252 3199 repe
270 3137 404 3198 perentam
428 3141 456 3183 et
475 3135 508 3184 nd
528 3136 566 3184 xl
584 3134 647 3185 230:
672 3137 764 3185 I’ueem
791 3136 901 3186 lboiouo
924 3136 956 3186 ab
980 3153 1040 3201 repe
1057 3137 1207 3202 peteudron:

64 3206 129 3251 steret
148 3207 223 3251 etium
241 3219 320 3266 supra
338 3204 454 3257 diminues,
473 3220 525 3252 rura
542 3219 592 3266 per
607 3205 717 3266 perosus
733 3206 829 3253 modum
847 3206 943 3270 cliprrid
960 3207 1075 3255 illelmus.
1098 3220 1149 3268 per
1166 3221 1208 3253 ur·

65 3275 200 3319 errautiuma
219 3274 380 3319 elocutionem
396 3272 531 3328 formemus
550 3286 652 3320 necesse
671 3278 721 3327 est,
745 3279 771 3320 ut
790 3272 936 3336 petendum
955 3273 1020 3322 mibi
1039 3277 1082 3321 ost
1100 3287 1206 3336 equum.

69 3339 217 3387 taurellus:
237 3344 365 3386 aeternas
385 3339 511 3401 quoniam
531 3353 634 3402 proruas
653 3339 681 3387 iu
694 3344 779 3389 morte
793 3341 949 3389 timendum.
981 3340 1046 3389 Item
1058 3339 1208 3389 Sallustius:

67 3412 160 3453 castra
179 3406 237 3454 siue
256 3405 368 3454 vulnero
389 3405 537 3454 introitum.
576 3407 639 3454 ,l'cuu
659 3411 771 3455 ‘rostro'
795 3413 951 3456 aecusativus
968 3410 1075 3471 pluralia
1093 3414 1142 3463 est.
1166 3410 1210 3473 qul

66 3477 147 3521 uudtis
165 3489 279 3522 errorem
296 3473 361 3529 furit
379 3480 405 3522 ut
423 3475 539 3522 uideatur
561 3489 616 3523 esse
635 3477 813 3524 ucrutautiuus:
837 3481 896 3540 qrtr'u
918 3482 1009 3524 neutro
1026 3478 1135 3539 triptota
1152 3482 1208 3524 sieut

66 3547 91 3587 rt
104 3543 190 3589 similis
203 3547 241 3589 eat
255 3543 417 3590 uouu'auticus
430 3542 581 3591 (recusative.
613 3541 719 3602 Quibus
733 3542 898 3592 testimoniis
911 3558 1000 3592 uonue
1015 3543 1113 3593 cedere
1127 3543 1210 3593 debet

66 3607 167 3656 lemma
186 3609 257 3673 apud
276 3609 449 3667 Arusiuuum,
468 3608 631 3672 praesertim
652 3623 711 3657 rrum
731 3609 783 3673 ipsi
795 3608 856 3659 loeo
870 3609 963 3660 adlato
977 3612 1131 3676 repugnet?
1161 3612 1210 3661 Set

67 3676 181 3740 primum
201 3691 306 3724 meeum
327 3676 484 3725 euersidercs
504 3692 615 3739 (priseae,
635 3691 715 3740 qumu
735 3675 827 3727 futilia
840 3684 924 3741 atque
938 3677 1032 3728 inania
1051 3679 1107 3728 sint
1123 3679 1209 3731 verbe

68 3743 103 3791 ab
123 3743 218 3791 Servio
238 3744 356 3791 adiecta.
394 3744 489 3792 Nonne
508 3744 559 3792 tibi
579 3743 672 3793 audire
685 3744 788 3795 videris
801 3745 934 3810 Asperum
953 3744 1037 3803 illurn,
1057 3762 1137 3811 quem
1154 3746 1209 3797 iam

68 3810 123 3859 ulio
141 3810 202 3859 loeo
222 3810 254 3858 l'r.
276 3812 316 3858 lll
335 3810 368 3858 35
387 3811 484 3860 insana
504 3811 633 3861 Sallustio
652 3810 798 3861 adtinuisse
817 3812 1064 3877 deprehendimus?
1094 3814 1209 3864 Etcum

68 3878 166 3940 quibus
185 3878 318 3943 exemplis
337 3879 360 3926 is
379 3878 455 3928 locus
475 3895 524 3927 eon
546 3882 657 3928 aratur?
691 3880 786 3929 Nonne
799 3881 914 3945 gerauldi
932 3881 1014 3945 longe
1033 3882 1090 3932 alia
1108 3889 1150 3933 est
1162 3899 1209 3933 ua-

67 3949 130 3994 turu
149 3959 229 4009 quam
249 3946 353 4009 passivi
377 3896 591 4009 inpersoualiter
614 3946 680 3995 dicti
700 3947 769 4009 (vid.
789 3948 901 4011 Forbig.
927 3948 961 4001 ad
983 3949 1065 4012 Vcrg.
1085 3951 1153 4001 Aen.
1172 3952 1211 4001 xl

66 4012 118 4062 ’230
136 4029 162 4076 p.
183 4011 230 4063 351
251 4014 324 4076 sq.)'t
360 4013 432 4073 Quid
451 4013 562 4062 taudem
581 4013 740 4063 Sallustium
759 4016 928 4065 eoumovisse
947 4017 1083 4081 opinaris,
1101 4023 1131 4068 ut
1150 4034 1210 4068 eum

67 4084 176 4129 introire
195 4096 255 4129 cum
276 4096 334 4129 aec.
355 4082 430 4143 iungi
449 4081 559 4140 soleret,
580 4097 646 4145 ergo
663 4084 801 4146 passivum
815 4090 890 4133 recte
903 4099 1035 4149 usurpare
1049 4091 1150 4150 posset,
1169 4092 1210 4135 ta·

68 4164 129 4195 meu
148 4162 247 4196 novum
268 4153 295 4195 et
314 4149 464 4197 inauditum
484 4164 571 4211 genus
589 4149 699 4199 (licendi
717 4151 840 4215 proferre
860 4151 972 4201 mallet?
1007 4153 1089 4202 Talia
1107 4154 1211 4217 tingere

68 4213 224 4263 umbratilis
249 4217 339 4279 potius
364 4216 538 4279 grammat-ici
558 4220 613 4269 cst.
643 4232 723 4280 quum
743 4218 801 4267 eius
819 4219 973 4283 scriptoris,
993 4220 1038 4284 qrri
1056 4220 1211 4271 hominibus

68 4281 160 4345 politis
180 4289 208 4331 et
227 4282 405 4346 prudentibus
424 4283 488 4344 styli
502 4284 744 4334 existumatoribus
761 4286 925 4335 suscribere
938 4289 1018 4337 sciat.
1049 4289 1124 4353 Ergo
1137 4289 1211 4353 equi-

67 4349 130 4396 dum
149 4366 201 4412 ego
220 4365 272 4397 nou
292 4350 395 4403 dubito.
416 4351 480 4414 quin
500 4348 573 4399 falsa
593 4351 627 4398 ab
646 4354 835 4415 grammaticis
855 4353 944 4405 relata
963 4355 1025 4403 sint.
1058 4356 1105 4405 Set
1124 4357 1157 4405 dc
1178 4372 1211 4406 eo

66 4415 189 4474 haesito,
213 4424 302 4466 utrum
322 4417 481 4467 Sallustium
500 4417 644 4484 scripsisse
663 4433 793 4469 censeam
810 4426 900 4471 caetra
916 4448 950 4457 -
967 4426 1085 4481 introitu,
1109 4439 1145 4473 an
1169 4439 1212 4475 se·
