2768 5010
181 354 242 415 114
541 367 843 415 cesuusrnsrosme
866 370 937 417 one.
961 372 991 417 v.

180 534 256 584 mete
277 528 448 584 cesserimus
468 525 638 600 scripserim,
669 525 765 584 harum
784 545 875 585 rerum
897 528 993 605 peritis
1017 529 1059 586 vix
1078 531 1266 606 exponendum
1285 533 1323 589 si·

178 632 259 689 ‹lctur
278 623 309 704 ¹).

265 749 321 804 Cat.
344 757 386 811 59,
410 756 427 808 3
451 747 558 821 volgata
580 755 645 803 sunt
665 748 746 804 haec:
766 751 828 820 ipse
851 748 984 822 (Catilina)
1008 767 1074 806 cum
1095 752 1203 808 libertis
1226 761 1254 809 et
1275 770 1322 810 ce-

178 855 251 910 lenis
265 857 389 923 prepter
410 851 536 922 aquilam
558 851 684 918 adsistit,
714 867 800 922 quom
830 852 902 908 bello
931 851 1070 909 Cimbrico
1098 854 1130 910 G.
1153 853 1269 910 Marius
1292 858 1323 912 ie

179 958 311 1012 exercite
332 954 465 1010 babuisse
487 953 645 1009 dicebatur.
688 951 784 1008 Mirum
798 962 849 1017 est,
869 953 893 1009 si
912 953 1057 1012 Sallustius
1080 957 1227 1031 scripserat
1248 960 1322 1014 cole-

178 1060 233 1126 nis,
256 1058 281 1113 id
297 1057 324 1112 in
339 1057 466 1126 solertiis,
485 1063 567 1129 atque
586 1055 741 1137 aileo'quod
759 1055 944 1112 vetustissumi
961 1065 989 1112 et
1008 1059 1112 1132 optumi
1129 1058 1258 1116 exhibent
1277 1077 1323 1117 ce·

178 1162 289 1217 leuibus
316 1159 459 1233 conrumpi
486 1157 619 1232 petuisse.
664 1155 696 1211 Et
725 1158 772 1231 qui
800 1159 908 1215 tandem
943 1159 1019 1216 luere
1048 1159 1089 1216 illi
1115 1159 1221 1223 coloni,
1252 1180 1323 1235 ques

178 1261 291 1319 Catilina
313 1278 404 1317 secum
424 1259 524 1316 babere
544 1258 648 1315 velurtl
686 1258 791 1322 Sullae,
816 1260 958 1335 inquiunt,
982 1263 1112 1326 veterani,
1136 1262 1162 1318 in
1184 1262 1323 1320 Etruriam

176 1364 286 1421 deducti
309 1363 454 1437 colonique
478 1360 550 1418 lacti.
595 1359 694 1417 Eorum
718 1378 847 1435 magnam
869 1380 1011 1420 numerum
1039 1365 1066 1421 ie
1087 1363 1216 1421 Catilinae
1246 1382 1324 1421 exer·

176 1468 232 1525 citu
251 1466 337 1522 fuisse
359 1483 439 1523 rrenro
462 1464 579 1537 ignorat,
602 1471 630 1518 at
651 1480 742 1519 nenne
763 1463 893 1522 credibile
916 1474 959 1522 est
981 1484 1029 1524 eos
1051 1474 1180 1541 optumos
1202 1476 1323 1523 armates

178 1570 263 1626 lusisse
286 1586 356 1643 quos
380 1584 473 1624 omnes
494 1567 520 1622 in
543 1566 657 1641 primam
680 1566 763 1622 aciem
794 1566 944 1624 subductos
967 1569 1048 1625 modo
1071 1570 1191 1645 scriptor
1212 1587 1323 1627 conme-

176 1672 310 1728 moravitl
332 1670 409 1759 &ure
432 1669 585 1743 reteritoque
608 1668 740 1725 Gruterus
764 1668 807 1725 bic
834 1670 939 1743 requiri
957 1671 1025 1727 dixit
1048 1671 1190 1728 eohortem
1211 1680 1322 1747 praete·

178 1775 253 1838 riam,
276 1791 354 1848 quam
377 1772 429 1828 sibi
451 1770 564 1828 Catilina
587 1788 619 1828 os
641 1771 809 1828 fortissumis
827 1773 971 1846 paraverit,
994 1781 1021 1830 at
1043 1775 1069 1830 id
1086 1773 1231 1831 Sallustius
1245 1782 1322 1831 certe

176 1877 297 1934 dixisset.
342 1874 450 1931 Scilicet
472 1874 598 1931 exomni
621 1891 650 1930 re
672 1882 797 1948 apertum
824 1882 880 1936 cst,
907 1874 1049 1932 Catilinam
1078 1876 1205 1950 exiguum
1227 1895 1321 1933 nnme-

177 1998 237 2037 rum
262 1977 403 2052 sepiarum
429 1957 539 2032 suarum
568 1975 657 2035 celere
687 1974 814 2032 voluisse.
861 1974 917 2042 Qua
942 1994 971 2032 re
994 1986 1122 2052 optumos
1151 1979 1178 2035 in
1205 1979 1319 2054 primam

176 2082 259 2138 aciem
280 2080 416 2142 subduxit,
438 2080 527 2136 urinas
549 2079 618 2135 liene
639 2087 758 2134 armatos
780 2085 808 2133 et
824 2077 935 2134 inutiles
956 2079 988 2135 ad
1011 2081 1185 2154 pugnandum
1205 2080 1233 2136 in
1256 2080 1320 2136 snb·

119 2210 124 2215 ·
176 2184 252 2241 sidiis
274 2183 434 2245 conlocavit,
458 2200 512 2258 quo
535 2180 662 2238 hostibus
677 2179 787 2236 maioris
809 2181 915 2245 numeri
939 2181 1055 2255 speciem
1070 2178 1224 2256 praeberet.
1259 2182 1319 2256 lpse

176 2294 270 2362 aperte
293 2286 320 2341 in
343 2284 465 2341 subsidio
486 2262 611 2342 constitit
634 2299 683 2338 nec
704 2299 755 2357 pcr
778 2298 807 2338 se
831 2281 989 2340 incredibile
1011 2292 1053 2341 ost
1080 2301 1170 2340 secum
1191 2284 1319 2340 habuisse

176 2406 232 2453 eos,
255 2380 318 2445 cum
339 2386 440 2461 quibus
462 2386 650 2443 ieiunantibus
672 2392 783 2459 optume
805 2382 935 2441 ouxilium
958 2385 1030 2441 lerre
1049 2393 1152 2461 posset.
1196 2387 1231 2441 nt
1253 2403 1317 2442 nurui

173 2488 265 2547 liberti
285 2489 353 2545 tales
377 2487 471 2543 lumel
514 2489 706 2562 contemptum
728 2486 853 2561 prefecto
875 2504 961 2560 genus
990 2495 1018 2544 ct
1045 2488 1072 2543 in
1093 2489 1175 2544 armis
1198 2488 1318 2544 minume

174 2593 322 2649 exercitati.
367 2587 498 2646 Videlicet
519 2608 568 2647 eos
589 2607 698 2664 quoquc
715 2587 817 2646 nullam
838 2587 916 2644 aliam
931 2589 966 2645 ob
984 2576 1107 2646 caussam
1122 2591 1192 2647 cirea
1209 2608 1238 2646 se
1252 2590 1319 2646 reti·

174 2695 244 2757 nuit,
263 2694 314 2750 nisi
332 2700 363 2749 ut
383 2692 478 2748 hostes
501 2692 591 2766 speeie
612 2691 727 2748 falleret.
772 2690 854 2748 Recte
871 2690 969 2748 talibus
989 2693 1177 2767 adiunguntur
1191 2693 1317 2760 colones,

175 2813 244 2870 quos
268 2795 404 2851 interdum
425 2793 570 2855 militibus,
602 2812 657 2867 quo
677 2810 805 2849 numerus
826 2802 986 2867 aligeretur.
1017 2795 1146 2851 inmixtos
1169 2812 1230 2851 csse
1251 2812 1317 2850 cen-

174 2905 229 2954 stat
251 2896 311 2970 (clr.
335 2896 389 2950 Lis.
412 2895 524 2951 xntvtl
545 2895 596 2969 18).
640 2896 698 2964 Qua
717 2913 745 2952 rc
768 2897 916 2953 calonibus
944 2915 999 2954 rron
1025 2905 1078 2954 tarn
1100 2897 1201 2953 codicis
1223 2896 1316 2953 cuiuis·

173 2999 233 3055 darn
262 2998 396 3054 tirriacieni
425 2998 601 3061 auctoritate.
628 3015 708 3072 quam
731 3005 889 3056 contectura
919 3017 952 3056 ex
977 3008 1153 3074 optumorum
1183 2998 1317 3055 librorum

173 3100 307 3175 scriptura
327 3101 471 3156 solertibus
491 3099 677 3173 retingendum
700 3102 802 3157 censui.
1015 3101 1028 3110 “

258 3204 346 3259 Locus
366 3200 551 3258 ‹tilbeilluruus
571 3210 613 3259 cst
634 3202 692 3276 lug.
707 3210 763 3266 3‚1
787 3204 833 3260 nbi
856 3220 911 3260 nen
935 3202 1103 3260 solnmlibri
1121 3203 1315 3277 manuscripti

172 3305 271 3361 mirum
297 3304 323 3358 in
352 3305 462 3360 modum
480 3304 599 3369 variant,
627 3312 670 3360 set
698 3303 780 3361 ctiam
810 3306 930 3363 virorum
951 3306 1094 3362 doctorum
1118 3305 1269 3362 sententiae
1287 3305 1316 3360 in

170 3407 363 3463 divorsissuma
393 3407 492 3462 aluere.
543 3407 596 3462 nlii
621 3407 693 3462 enim
722 3408 763 3475 is,
793 3406 837 3461 alii
863 3409 920 3475 eis,
949 3407 995 3464 alii
1023 3409 1070 3465 ius
1098 3407 1222 3481 (Sellieg.
1251 3405 1314 3462 leet.

171 3525 197 3584 p.
222 3516 254 3570 18
272 3508 343 3583 sqq.)
366 3508 528 3583 probavere,
556 3517 599 3566 set
619 3526 698 3599 noune
719 3510 842 3581 negavit,
868 3509 934 3567 baec
962 3510 1051 3566 omnia
1078 3509 1198 3585 inpedita
1226 3526 1315 3582 nequo

171 3611 238 3666 satis
260 3608 339 3685 plana
364 3620 392 3666 et
413 3611 557 3686 perspicua
586 3629 654 3667 esse.
700 3609 867 3684 Quicumque
895 3620 985 3668 autem
1012 3612 1134 3669 codicum
1165 3611 1315 3685 scripturas

169 3713 316 3786 diligenter
336 3720 524 3788 perscrutatus
545 3713 641 3778 luerit,
672 3712 750 3770 tacite
772 3713 804 3768 ad
828 3730 887 3770 earn
909 3715 1070 3771 sententiam
1094 3714 1252 3777 adducetur,
1275 3713 1316 3769 lo·

170 3832 231 3871 cum
253 3824 419 3890 conruptum
439 3833 513 3878 esse,
541 3833 603 3872 cum
625 3832 677 3890 pro
700 3832 734 3871 eo
755 3815 828 3890 quod
851 3815 998 3874 Sallustius
1021 3816 1177 3891 scripsisset
1199 3815 1316 3890 explica·

206 3996 236 4062 l)
260 3997 378 4047 Omnino
396 3998 430 4049 de
454 4000 496 4048 eie
513 3997 598 4063 locis,
623 3999 653 4048 in
671 3999 729 4064 qui·
756 4002 846 4050 latere.
865 3998 908 4062 80,
927 3999 943 4048 7
961 4003 1030 4050 nella
1047 4015 1096 4064 pro
1114 4001 1214 4048 niellam.
1236 3997 1316 4063 ese

170 4079 221 4133 bns
241 4083 405 4133 onrendaudi
428 4085 501 4134 ret-io
525 4085 582 4134 iem
605 4084 640 4132 ab
665 4083 730 4134 eliis
756 4084 896 4151 quaerebat
920 4100 968 4150 pro
990 4084 1106 4149 pcrebat.
1146 4083 1241 4148 Neque
1269 4100 1315 4134 ee·

171 4169 285 4219 invento
309 4185 342 4217 ac
366 4169 484 4234 prebete
508 4175 551 4219 cst
574 4175 622 4220 aut
643 4169 729 4219 focile
755 4170 860 4236 piesius
879 4169 913 4218 do
932 4168 1037 4219 talibus
1049 4168 1255 4235 suspicionibus
1269 4185 1314 4219 ex·

170 4254 344 4317 perspicitur,
365 4255 453 4304 frisius
473 4255 616 4320 disputare
635 4270 728 4321 super·
755 4270 867 4319 ponam,
894 4254 983 4318 qualis
1008 4260 1063 4317 ost,
1089 4268 1171 4318 quam
1194 4252 1231 4304 ed
1253 4254 1314 4318 Ing.

171 4338 267 4399 acoleo,
298 4338 375 4389 velut
398 4340 433 4389 de
456 4340 517 4405 Ing.
540 4340 570 4402 8,
595 4340 611 4388 5
633 4347 730 4390 secaret
757 4339 801 4403 to,
821 4340 838 4389 b
860 4339 1027 4402 significavi,
1051 4355 1101 4404 pro
1124 4340 1230 4388 aenidos·
1247 4337 1316 4388 mihi

169 4428 249 4486 ipsum
270 4430 388 4486 peceato.
411 4425 472 4489 lug.
496 4423 543 4488 68,
567 4425 584 4474 4
606 4429 658 4475 tate
680 4441 729 4490 pro
754 4423 931 4476 scribendum
949 4424 1039 4476 videri
1057 4427 1224 4475 eumenetier.
