2768 5010
434 376 659 420 nrsroarauvn
679 378 790 419 aru1v
811 370 945 423 tto—33.
1214 361 1272 423 103

129 529 262 595 Hispania
286 534 403 594 tropaea
426 529 454 578 in
478 528 630 592 Pyrenaeis
654 528 727 593 lugia
755 531 907 578 constitnit.
949 530 1018 578 l'um
1042 530 1135 580 Guelf.
1158 532 1171 580 l
1195 536 1223 580 et
1247 532 1272 580 ll

128 598 260 661 Pyraamf
276 596 428 647 exhibeant
446 595 495 657 (al.
515 594 669 658 Ppreaeaei,
688 597 715 645 id
735 596 922 661 recipiundum
943 613 1004 647 osae
1023 597 1116 648 docuit
1133 598 1271 649 Linlierua

126 666 186 715 nm.
207 682 232 730 p.
251 664 293 714 31.
335 666 384 714 Set
403 679 464 714 enm
488 680 520 713 ex
540 664 628 714 Plinio
653 670 760 713 eonstot
778 665 827 726 (H.
848 665 880 714 N.
905 665 956 714 Vll
975 664 1021 726 27,
1040 664 1088 723 no)
1113 665 1271 731 Pompeium

127 738 242 798 tropaea
259 733 384 797 posuisse
404 748 465 781 oum
478 748 511 781 ex
524 732 662 796 Hispania
680 731 791 788 rediret.
811 738 840 781 et
857 732 885 780 in
904 747 998 782 earum
1016 732 1103 782 titulis
1122 734 1270 784 Sertorium

126 801 261 862 tacuisse,
286 799 459 850 scribendum
479 815 539 850 ease
564 802 596 849 de
620 802 691 849 victae
716 798 800 848 faeilo
824 800 949 864 adparat.
991 801 1049 850 Cfr.
1068 801 1136 850 'Pae
1156 802 1190 852 ab
1210 818 1269 851 exo.

125 868 175 918 XV
198 867 240 917 18:
260 870 296 918 Ae
315 869 408 919 fforaae
426 875 537 932 tropaea
554 870 587 917 de
601 868 704 916 Parthia
716 884 840 934 (acrisque
853 870 933 918 medlo
948 868 1086 932 Capitolini
1096 871 1269 919 raoatt'aatste·

125 935 225 985 bantur.

211 1054 251 1116 30
276 1054 336 1135 [fir.
354 1062 397 1113 55.
420 1060 449 1113 a.
463 1053 520 1135 34].
562 1057 591 1114 si
606 1054 676 1115 nihil
692 1063 759 1115 aute
780 1055 936 1116 ntlreatruu
952 1073 1038 1116 suum
1058 1057 1134 1115 iuter
1150 1054 1268 1132 plebem

124 1162 153 1216 et
174 1163 274 1234 patres
297 1158 496 1225 comedisset,
521 1174 620 1216 eornm
644 1157 834 1218 sedatorum
858 1174 987 1233 oporam.

209 1274 295 1325 Prisc.
319 1275 384 1324 XIV
411 1292 437 1340 p.
461 1275 494 1324 52
522 1276 555 1325 de
584 1290 670 1325 eoram
698 1275 794 1324 dieeua
821 1274 890 1325 haee
919 1275 1004 1324 rerba
1034 1275 1133 1324 adfert.
1143 1275 1267 1349 ‘Verba

123 1344 238 1407 Pompei
256 1343 342 1392 fnisse
362 1343 414 1391 iam
435 1344 461 1392 in
486 1343 585 1391 itinere
606 1343 773 1392 voluntatem
798 1359 874 1393 suam
899 1344 1139 1407 conponaudarum
1163 1344 1267 1395 diacor-

123 1410 229 1460 diarnm
254 1402 374 1460 civilium
398 1410 567 1460 declarantis
591 1411 618 1459 iu
643 1410 787 1474 propatulo
813 1418 862 1459 est.
901 1411 993 1460 Verba
1015 1424 1065 1475 par
1082 1426 1111 1460 so
1136 1411 1266 1477 ambigua

122 1484 196 1535 aunt,
210 1493 271 1527 oum
279 1493 333 1527 non
346 1479 502 1535 ostendant,
515 1479 584 1527 utris
597 1479 720 1542 partibus
735 1478 826 1527 fautor
836 1485 864 1527 et
877 1479 985 1528 adiutor
998 1480 1106 1528 futurus
1115 1479 1151 1527 ait
1162 1507 1191 1515 -
1202 1494 1265 1528 nam

122 1546 209 1595 etiam
227 1551 381 1610 optumates
399 1546 427 1594 in
447 1546 506 1594 eius
525 1546 672 1595 adventum
691 1561 747 1594 rem
768 1546 909 1595 distulisse
929 1547 1096 1595 domonstrat
1112 1547 1208 1596 Macer
1224 1548 1266 1597 111

121 1611 164 1670 nt,
178 1612 209 1661 21
230 1640 261 1648 —
280 1619 323 1661 set
334 1612 399 1661 talis
413 1613 579 1677 ambiguitas
598 1629 707 1678 prorsus
720 1614 832 1677 ingenio
845 1614 957 1678 Pompei
971 1615 1105 1664 convenit.
1136 1613 1265 1664 Ceterum

121 1681 177 1730 vid.
198 1680 232 1730 ad
250 1679 291 1731 32.

208 1797 242 1858 31
271 1797 331 1878 [lir.
351 1806 392 1856 ab.
416 1804 445 1857 u.
466 1798 524 1878 33].
567 1798 721 1876 Multisque
741 1799 951 1876 suspitionibus
972 1798 1096 1860 volentia
1122 1801 1198 1879 plebi
1223 1803 1264 1861 fa·

122 1906 225 1958 rturas
247 1898 420 1960 habebatur.

206 2001 274 2050 Nou.
289 2017 315 2065 p.
333 1999 391 2050 126:
410 2002 528 2051 Volcatio
539 2004 556 2049 i.
571 2019 593 2050 r.
607 2018 671 2067 perae
685 2004 782 2050 aelleat.
806 2000 941 2050 Sallustius
955 2002 1128 2052 Historiarum
1140 2003 1181 2052 lib.
1195 2003 1261 2052 1111:

121 2068 266 2133 multisque
284 2094 320 2104 —
336 2068 500 2119 habebatur.
536 2070 661 2118 Nondum
680 2076 783 2119 eertum
802 2070 887 2118 fuisse
906 2069 959 2117 utri
977 2071 1050 2133 parti
1069 2086 1098 2117 ae
1118 2070 1261 2119 adiuncta·

121 2151 166 2186 rus
185 2144 258 2186 asset
277 2136 436 2201 Pompeias,
462 2152 521 2187 cum
540 2136 591 2185 hoe
611 2139 792 2201 fragmentum
816 2137 957 2197 ostendat,
976 2143 1040 2201 post
1057 2136 1091 2187 3⁰
1108 2137 1262 2202 ponendam

121 2219 182 2253 esso
202 2203 325 2269 adparet.
356 2204 452 2254 Talem
465 2205 645 2269 suspitionem
664 2205 726 2253 iada
746 2209 839 2253 natam
858 2220 928 2263 osse,
948 2204 1019 2268 quod
1036 2205 1187 2254 exereitum
1200 2222 1261 2255 aeae

120 2278 183 2336 pont
193 2271 356 2337 triumphum
366 2272 459 2321 statim
469 2272 640 2322 dimissurum
652 2271 831 2344 aritirraaaaet‚
843 2271 1006 2321 Plutarchus
1016 2277 1111 2321 narrat
1118 2273 1210 2337 Pomp.
1218 2272 1260 2322 21.

206 2390 245 2449 32
269 2389 328 2470 [lir.
345 2396 386 2449 58.
411 2394 440 2448 G.
456 2390 513 2470 29].
558 2389 732 2450 Multitudiui
755 2390 929 2457 ostendeus,
959 2408 1046 2468 (laam
1075 2389 1173 2451 tolero
1197 2390 1260 2469 plu

120 2509 254 2559 ramum,
278 2499 310 2552 ut
330 2510 398 2552 moi
422 2493 526 2569 cupitis
548 2494 709 2551 niiuistram
733 2491 872 2558 haberet,
896 2491 1077 2553 decreverat.

204 2610 282 2658 Arua
302 2626 328 2674 p.
349 2608 399 2659 248
417 2625 438 2657 a.
458 2626 483 2659 v.
503 2612 617 2659 arlaialer
634 2611 681 2660 fria.
713 2608 881 2674 f'onruptanr
899 2609 962 2659 libri
981 2611 1033 2661 Gn.
1052 2611 1216 2675 scripturam
1235 2618 1261 2658 at

119 2696 179 2727 aaa:
196 2680 264 2741 rapit
283 2678 435 2742 aegregie
454 2679 610 2727 emendarit
627 2694 681 2727 van
700 2677 749 2726 der
767 2678 881 2726 Hoeven
900 2693 975 2742 spec.
994 2696 1020 2743 p.
1039 2679 1081 2728 ts.
1119 2681 1167 2728 Set
1190 2695 1259 2742 quae

119 2754 182 2793 arrut
199 2761 258 2794 arar
276 2747 381 2808 capita?
420 2746 488 2793 Nam
514 2746 565 2792 etai
583 2763 643 2794 raon
666 2746 700 2793 ad
723 2745 828 2793 liaberet
852 2745 990 2801 refertur,
1015 2754 1107 2795 tamon
1131 2763 1165 2795 aa
1190 2762 1259 2811 qnae

118 2821 291 2876 eriperentur,
305 2830 365 2861 mor
379 2819 512 2861 ereatura
521 2829 581 2859 ease.
593 2808 731 2877 aperalam
743 2828 802 2861 esse
814 2812 938 2876 adparet.
964 2813 1119 2879 Respondit.
1129 2814 1259 2866 Kritains.

119 2880 204 2929 rerba
223 2881 402 2944 apertiasume
427 2886 553 2943 spectare
579 2880 613 2928 ad
633 2880 684 2928 Gn.
705 2880 876 2943 Pompeium.
902 2887 930 2929 et
951 2881 987 2929 ad
1010 2898 1071 2931 earn
1096 2883 1259 2933 cantionem.

119 2962 199 3011 qaam
219 2947 314 2996 erinsul
332 2947 492 3011 designatas
510 2947 546 2994 n.
567 2946 657 2996 Lollio
677 2948 808 2996 Palicano
827 2947 910 2996 dante
928 2947 1027 2998 habuit
1046 2949 1116 3011 (Cic.
1135 2951 1164 3000 in
1183 2950 1259 2999 i'orr.

119 3017 179 3063 Aet.
198 3015 212 3064 1
234 3015 276 3073 15,
296 3015 328 3063 15
348 3015 382 3063 ad
402 3029 516 3078 eumque
535 3015 623 3062 locum
643 3015 740 3063 Ancon.
761 3031 786 3079 p.
809 3013 885 3076 118),
911 3017 1004 3080 cupita
1023 3033 1089 3082 orgo
1107 3034 1169 3067 esse
1187 3033 1258 3067 sum·

119 3098 189 3130 araur
209 3099 242 3130 ae
263 3082 344 3131 radiis
364 3081 461 3129 linibus
481 3082 715 3146 airetnrrsoriptaur
733 3083 761 3131 in
778 3080 931 3149 republica
950 3085 1109 3148 potentiam.
1147 3087 1194 3134 Set
1212 3102 1258 3136 vo-

119 3166 178 3198 roor
197 3165 230 3197 ue
248 3150 317 3199 haee
338 3166 396 3198 cam
416 3150 527 3212 Pompei
546 3149 656 3211 iugenio
676 3165 709 3198 ae.
728 3150 866 3200 sententia
883 3166 937 3199 non
956 3167 1065 3215 prorsus
1085 3153 1259 3209 conveniant,

118 3218 163 3282 qui
183 3218 290 3281 quidem
310 3225 369 3282 post
389 3217 560 3265 corraulatuiu
579 3217 694 3265 urinume
714 3216 914 3267 multinnlinem
938 3219 1065 3272 oolrrorit,
1091 3224 1134 3268 aet
1157 3220 1258 3283 ubique

118 3301 216 3350 niagno
236 3301 295 3334 eum
315 3286 445 3334 comitatu
464 3284 621 3347 ingrediens
641 3284 675 3332 nb
695 3284 770 3333 adita
790 3285 959 3349 prohibuerit
977 3287 1081 3349 (lirum.
1096 3286 1132 3334 IV
1147 3303 1173 3350 p.
1187 3287 1257 3348 una).

118 3353 236 3402 (turnino
249 3354 309 3416 (pris
328 3358 377 3401 est.
399 3352 443 3415 qai
464 3352 571 3415 igrrorot
584 3354 635 3400 tm.
648 3351 713 3400 Pom
725 3353 805 3400 ieiuni
819 3353 907 3400 iniuus
921 3353 956 3401 ad
973 3369 1104 3403 srunmtuu
1119 3355 1258 3417 potentiae

118 3419 260 3482 fastigium
280 3423 460 3484 properasse?
490 3420 528 3467 Aa
548 3419 649 3468 certius
662 3368 769 3483 rpiirleur
785 3420 905 3469 indie-aru
925 3436 1072 3485 pararemus,
1093 3421 1115 3468 si
1135 3421 1198 3484 qaid
1212 3421 1258 3469 ab·

118 3488 184 3534 iarti
203 3488 237 3536 ad
256 3488 369 3535 veritum
387 3488 522 3536 orterrdaas
541 3486 657 3535 relatura
682 3487 780 3535 fuisset
803 3493 961 3551 ‹oupertum
980 3486 1151 3537 haberemus.
1188 3489 1258 3537 Naar

118 3555 187 3618 quod
207 3570 259 3603 rnu
278 3555 326 3602 der
345 3555 458 3603 Horren
478 3555 596 3602 eouioeit
615 3557 751 3604 osterrdenr
768 3572 795 3603 re
815 3555 854 3603 nti
874 3570 925 3603 uon
946 3570 1054 3618 prorsas
1079 3555 1257 3615 reiciuiulrnu,

118 3623 158 3670 ita
177 3628 268 3670 tamen
288 3621 397 3670 dubium
418 3630 467 3669 ost.
505 3621 571 3670 f‘unr
591 3638 655 3670 roro
673 3623 808 3671 ostendere
832 3627 990 3686 rraurpaturn
1014 3623 1049 3671 sit
1073 3622 1108 3671 ab
1128 3622 1258 3671 Sallustio

117 3691 151 3738 de.
171 3690 224 3741 eis.
244 3705 313 3752 quaa
334 3690 426 3737 futura
445 3689 636 3753 promittuntur
655 3689 719 3751 (vid.
741 3704 811 3753 qaae
830 3689 894 3739 oiim
913 3689 948 3738 ad
966 3689 1027 3753 lug.
1047 3687 1094 3743 23.
1117 3688 1126 3737 i
1149 3706 1173 3753 p.
1197 3688 1258 3747 18t;

116 3756 158 3813 tlt,
177 3756 193 3805 5
212 3773 237 3821 p.
258 3756 307 3806 :317
327 3756 362 3804 al.
383 3755 400 3803 l.
420 3757 578 3820 disputarit.
599 3757 663 3821 «pud
682 3757 795 3821 inpedit.
815 3772 867 3820 qao
887 3756 973 3805 urinas
985 3755 1012 3804 h.
1027 3755 1045 3804 l.
1066 3756 1160 3805 eodem
1180 3756 1258 3806 niodo

116 3825 217 3873 dietum
236 3832 362 3889 putemus
381 3830 408 3873 et
427 3827 512 3887 capita
525 3824 718 3889 intellegamus
731 3824 895 3889 triumphum
909 3829 936 3873 et
955 3823 1124 3872 eoirnniatam
1138 3829 1166 3873 et
1179 3840 1257 3889 agro-

117 3908 174 3940 rum
199 3893 408 3954 adsignationes
432 3892 570 3951 illaturus.
592 3892 631 3940 ili
651 3908 676 3955 p.
696 3891 764 3951 latit
804 3890 906 3940 Siruilia
931 3895 985 3940 tum
1010 3892 1164 3953 argumenti
1187 3891 1258 3941 haee

115 3959 201 4008 verita
221 3968 334 4007 sirium·
355 3960 387 4008 fr.
406 3958 440 4007 30
459 3966 484 4007 et
504 3958 545 4006 nl.
582 3959 652 4018 Quid
673 3960 742 4024 qrrod
762 3959 853 4007 fateor
876 3957 940 4013 mihi
961 3973 1015 4008 nou
1034 3958 1201 4009 inconditam
1218 3958 1257 4007 vi·

116 4027 174 4076 deri
188 4028 363 4076 aerrtautianr.
383 4027 406 4074 si
427 4026 495 4074 haee
509 4026 594 4074 rerba
613 4042 673 4075 eum
692 4026 725 4075 :30
743 4026 955 4089 eoniungautur:
977 4025 1015 4074 ‘ni
1034 4052 1064 4061 -
1084 4040 1113 4074 se
1132 4026 1258 4076 datarum

115 4111 226 4158 oporam
241 4094 407 4142 multitudini
422 4094 581 4149 ostendens,
598 4109 678 4157 qurum
692 4122 723 4128 —
736 4094 917 4142 decre-verat.
945 4092 992 4141 Sat
1004 4092 1067 4143 noio
1081 4092 1108 4141 id
1120 4109 1168 4159 pro
1182 4099 1257 4143 certo

117 4162 268 4212 venditare.
1010 4182 1012 4187 ·

201 4279 240 4339 33
262 4279 327 4359 [lir.
345 4288 387 4336 ot.
414 4283 443 4337 G.
461 4279 507 4358 n].
552 4278 710 4354 florilegum
737 4280 880 4338 nriuoreur
910 4285 939 4339 et
968 4281 1012 4339 sai
1036 4278 1178 4338 ruituram
1207 4300 1256 4338 rx·

115 4389 245 4459 portans.
