2768 5010
454 393 678 435 nrsronranvn
701 393 822 435 nra.111
846 386 889 439 55.
1196 374 1236 436 tt

182 541 222 601 55
246 541 361 620 [aran.
385 546 413 601 G.
430 550 463 600 54
479 541 623 623 adiumrit]¹
669 544 752 622 Apud
776 543 874 602 Schol.
898 542 933 602 ad
956 541 1017 602 lov.
1041 540 1143 610 &105
1165 541 1238 603 haec

97 639 252 718 leguntur:
283 646 427 704 Antonius
448 649 535 704 trium
567 648 759 706 Antoniorum
783 653 939 720 corruptos
969 647 1040 705 illue
1063 643 1239 705 Sallustius:

96 745 149 817 piri
169 761 242 830 orne
263 748 431 805 maritimae
453 765 513 821 quo
536 747 702 806 Romanum
724 753 799 806 esset
819 748 975 821 imperium
997 748 1167 805 contrarius
1184 748 1238 821 pi-

91 848 181 905 ratis.
227 844 308 915 Quae
337 855 480 928 conrupta
510 840 573 908 csso
598 866 665 907 uum
700 865 802 907 omncs
832 848 885 906 riri
913 846 991 907 docti
1018 844 1236 914 intellexissent,

96 947 193 1006 variae
206 949 335 1007 rationes
349 949 435 1009 initae
449 957 526 1009 sunt.
557 948 650 1025 Igitur
662 947 777 1008 Ruhnk.
791 948 827 1008 ad
841 946 911 1007 tort
929 946 954 1006 ll
966 945 1044 1014 31,3
1058 946 1237 1022 corrigenda

97 1049 225 1107 consuit:
243 1051 386 1108 Antonius
401 1052 551 1109 triumuiri
564 1052 685 1111 Antonii
694 1057 792 1124 potor,
808 1056 947 1125 curator,
963 1055 996 1107 ut
1010 1051 1053 1107 nit
1070 1047 1236 1119 Sallustius,

96 1164 168 1207 orae
188 1153 356 1210 muritirnua
370 1149 435 1221 (rid.
453 1151 488 1211 acl
506 1152 566 1230 54),
587 1169 647 1226 pun
664 1151 831 1210 Romanum
853 1156 927 1208 osset
943 1151 1113 1224 imperium,
1132 1157 1237 1208 contro

95 1252 222 1324 piratas.
263 1250 437 1311 Gerlachius
452 1259 552 1312 autea:
579 1252 680 1311 Trium
696 1252 889 1311 Antoniorum
906 1253 1057 1310 consutum
1072 1258 1161 1326 puter
1178 1252 1236 1322 ille,

97 1353 150 1424 qui
168 1368 241 1411 orne
262 1355 445 1423 maritimae,
467 1371 528 1427 quo
549 1354 588 1413 R.
607 1372 634 1413 e.
651 1357 672 1412 i.
691 1352 830 1428 praefuit
849 1355 1033 1424 [commoriar
1049 1355 1185 1428 piratisl.
1206 1351 1236 1411 iu

97 1451 143 1511 cil.
164 1455 271 1512 noviss
295 1457 383 1513 trium
407 1457 599 1514 Antoniorum
619 1461 779 1529 corruptor
800 1457 868 1530 itte,
891 1456 944 1528 qui
963 1470 989 1513 o.
1009 1470 1066 1531 m,
1087 1460 1240 1528 praesset

95 1555 252 1628 imperium
274 1555 455 1623 Romanurn,
476 1555 631 1632 praefuit,
654 1558 825 1615 contrarius
842 1557 962 1630 pirolis.
1008 1553 1147 1615 Kritzius:
1170 1557 1237 1614 An·
1270 1578 1274 1585 ·

96 1657 200 1731 tonius,
223 1658 313 1716 trium
335 1661 528 1716 Antoniorum
554 1664 714 1732 corruptor
735 1660 794 1716 nte.
835 1655 1009 1716 Sallustius:
1031 1657 1081 1734 qui
1102 1675 1129 1714 o·
1153 1674 1192 1727 m.
1207 1674 1236 1734 q.

96 1773 121 1814 r.
146 1774 171 1815 e.
183 1757 212 1815 ·i.
238 1763 340 1817 contra
365 1759 476 1834 piratas
497 1756 638 1836 [praefuit
658 1762 702 1818 not
719 1758 863 1817 inlinitum
879 1759 1025 1834 inperium
1045 1755 1164 1838 tenuit}
1201 1756 1235 1816 Ο.

95 1855 214 1917 Iahnius
236 1858 362 1936 donique
386 1858 460 1918 hacc
482 1857 569 1918 rerba
586 1856 703 1918 Sallusti
720 1857 809 1918 fuisse
824 1859 989 1935 suspicatus
1010 1865 1069 1917 ast:
1093 1861 1236 1918 Antonius

96 1960 289 2018 Antoniorum
311 1964 460 2020 triumuiri
480 1969 509 2019 ot
528 1977 602 2021 coss.
620 1967 720 2035 puter,
743 1963 802 2036 ille,
825 1963 877 2033 qui
896 1976 970 2019 oroe
988 1962 1157 2019 maritimae
1175 1976 1236 2035 qua

95 2060 262 2120 Romanum
290 2069 365 2120 esset
386 2065 542 2137 imperium
562 2060 713 2136 praefuit,
738 2063 909 2120 corttrurius
925 2063 1041 2135 piratis.
1084 2058 1163 2121 Gerl.
1188 2077 1235 2119 ro·

96 2162 181 2220 mittit
212 2180 266 2220 uos
294 2170 446 2240 practorca
481 2161 518 2221 all
546 2161 683 2238 llutgurs.
720 2179 780 2220 var.
814 2159 881 2221 loct.
911 2159 949 2220 lll
978 2163 1025 2220 ¹7.
1074 2160 1107 2221 In
1133 2178 1235 2221 caussa

95 2280 188 2338 paona
211 2263 375 2340 desperata,
398 2272 494 2323 tannen
518 2281 555 2322 nc
573 2261 736 2340 periculum
751 2264 852 2340 ignave
870 2262 1015 2340 eclogisse
1036 2262 1144 2331 vitlcar,
1166 2262 1234 2341 quid

94 2365 233 2430 santiam,
255 2363 347 2424 libare
361 2382 524 2443 ,exponam
573 2365 603 2424 Si
625 2365 712 2440 igitur
743 2365 869 2441 primum
892 2362 1037 2423 luvenalis
1065 2362 1168 2430 verba,
1199 2362 1235 2423 aul

95 2481 169 2540 quac
196 2464 266 2525 illud
287 2465 455 2525 alltrotatum
481 2473 539 2534 cat,
568 2465 868 2532 consideraverimus,
897 2461 968 2523 nihil
993 2462 1070 2523 aliucl
1100 2462 1235 2525 concludi

94 2571 205 2641 prolusi,
242 2568 295 2624 nisi
325 2566 500 2626 srlroliaston
535 2566 737 2626 ‹lurrroustraro
765 2565 890 2625 volnissu
924 2567 989 2643 quis
1017 2564 1064 2625 illc
1093 2564 1235 2625 Antonius

95 2665 196 2724 lurissct
218 2674 247 2725 ct
270 2686 325 2745 qna
349 2667 414 2727 data
439 2670 594 2728 occasione
615 2667 707 2745 spolia
729 2665 842 2727 occulta
866 2668 1069 2744 conripuisset.
1115 2666 1178 2738 Qua
1201 2685 1234 2728 re

95 2770 223 2828 minuma
244 2787 364 2828 ricrosso
383 2776 426 2828 cst
445 2763 531 2828 ctiam
548 2770 647 2846 priora
668 2767 755 2828 rcrlm
774 2786 840 2828 oum
860 2767 897 2827 ab
915 2766 1051 2828 Sallustio
1066 2771 1233 2847 sumpsisse,

96 2887 189 2947 coquo
212 2872 329 2928 nomino
347 2869 448 2929 liritnii
469 2873 612 2930 sententia
634 2868 743 2947 aliquid
761 2868 973 2947 probabilitatis
988 2869 1085 2929 lralrct.
1124 2869 1234 2940 ¹Quam·

95 2989 181 3048 quam
205 2989 260 3048 pcr
283 2991 313 3030 sc
333 2973 391 3030 rcri
407 2970 500 3029 similo
524 2978 582 3039 cst,
607 2970 790 3038 Sallustium,
815 2972 865 3049 qui
882 2970 919 3030 tt.
936 2972 1077 3031 Antonius
1099 2971 1145 3031 illc
1163 2971 1234 3033 luis·

94 3081 152 3141 sot,
176 3073 345 3133 adcuratios
365 3073 591 3133 ‹loruonstrassa
629 3073 679 3133 Set
701 3092 768 3132 curu
791 3091 825 3132 ox
846 3071 912 3131 liliis
933 3073 996 3132 cius
1019 3091 1095 3134 unus
1115 3071 1234 3133 nubilis·

94 3193 195 3234 smnus
218 3175 320 3243 inurit,
349 3193 402 3252 por
426 3177 488 3234 cius
510 3193 616 3234 nomon
640 3183 753 3254 patrum
776 3176 907 3250 insigniri
929 3181 1157 3235 consentancum
1181 3183 1232 3234 ost.

95 3272 166 3335 tium
190 3278 277 3351 igitur
300 3281 388 3335 trium
408 3276 580 3354 praccollat,
609 3294 668 3335 noo
697 3294 820 3354 prorsus
842 3275 994 3354 conprobo
1017 3275 1108 3337 lalrnii
1134 3294 1232 3336 cruen-

95 3377 257 3446 ‹latiouerm
277 3387 321 3438 sct
345 3379 434 3437 crcrlo
455 3379 596 3454 scriptum
619 3377 706 3437 sitisse
731 3381 880 3438 triumuiri
901 3381 1020 3437 Antonii
1034 3387 1143 3453 putor:
1166 3395 1232 3436 nam

94 3496 160 3536 conr
183 3483 241 3537 uiri
260 3482 399 3540 omissum
425 3486 509 3545 cssct,
533 3481 654 3538 Antonii
674 3479 853 3554 sirrgularcur
874 3480 903 3538 in
917 3477 1062 3555 pluralcm
1081 3486 1232 3537 conmuta-

94 3587 154 3638 tum
179 3600 242 3639 cssc
266 3600 322 3639 noo
346 3583 438 3657 iringis
462 3582 568 3640 mirum
594 3599 680 3659 quam
699 3589 788 3656 puter
818 3581 871 3658 (p.)
897 3580 1048 3639 excidisse.
1095 3579 1233 3657 Sequitur

95 3681 265 3739 arlmirabilo
289 3681 358 3741 illml
379 3694 543 3759 corruptos,
564 3682 642 3760 quod
660 3701 695 3741 ox
712 3701 785 3742 coss.
799 3689 890 3757 putor
903 3688 1004 3740 nutum
1024 3699 1088 3740 osso
1106 3678 1231 3758 aliquam

93 3785 222 3857 spacioni
249 3785 309 3842 vcri
331 3784 470 3851 lralromt,
496 3785 550 3842 nisi
574 3790 606 3842 ut
627 3784 656 3843 iul
672 3785 886 3850 rostituarctur,
909 3782 1149 3859 praecedentium
1168 3800 1231 3842 rer·

95 3882 199 3944 lunum
220 3885 293 3942 omlo
316 3886 503 3944 inruntarnlns
526 3893 610 3944 osset.
653 3883 781 3945 lilinumo
810 3886 940 3944 omnium
961 3883 1089 3962 probare
1111 3901 1231 3962 possum

92 3989 181 4044 trium
204 3988 395 4045 Antoniorum
413 3997 582 4062 corruptor,
612 4005 680 4045 ‹rrrm
708 3989 749 4047 uis
778 3986 873 4047 vorbis
900 3987 966 4064 ‘qui
994 3993 1054 4046 tres
1076 3995 1232 4064 corruptos

94 4087 167 4145 tilius
190 4087 320 4165 ruliquit’
344 4107 514 4164 cxprossnm
538 4107 617 4154 csso.
642 4107 678 4147 nc
704 4088 876 4148 scholiastae
898 4089 1016 4165 qnidcm
1039 4090 1231 4167 inputauclum

94 4196 202 4265 putum.
245 4191 309 4258 (tiro
330 4191 417 4248 morlo
440 4211 473 4249 oi
498 4201 620 4250 curator
643 4192 798 4267 comumpi
820 4192 963 4268 putruerit,
991 4209 1095 4268 parurn
1117 4193 1231 4270 perspi·

93 4292 177 4348 citio.
231 4294 277 4347 Sol
309 4311 374 4350 com
404 4293 575 4351 lacunosum
605 4293 683 4351 liuor
710 4292 806 4352 locum
840 4311 904 4352 ossc
931 4312 1033 4355 ‹nnrrcs
1060 4297 1231 4376 concedant,

93 4392 193 4467 quiiloi
217 4401 377 4452 statuamus
399 4403 606 4470 ronrnptorern
628 4414 694 4455 rore
715 4395 892 4474 atlpcllatum
914 4398 1017 4463 luissc.
1049 4404 1093 4459 set
1119 4402 1231 4476 gerneti·

898 4660 1038 4696 Α
