2768 5010
428 411 730 469 eoamsumrrouou
754 407 825 453 cm.
848 407 879 452 r.
1060 413 1065 421 ·
1139 378 1229 447 -tut

98 576 214 655 scripsit:
243 574 391 633 Postremo
413 571 613 631 dissimulandi
633 584 739 628 corrsso
761 576 789 627 et
812 575 844 627 ut
861 571 908 626 sui
927 565 1123 642 eupurpondi,
1148 563 1234 621 sicuti

98 683 184 754 iurpio
205 680 357 737 lacessitus
375 675 463 752 soret,
481 679 509 733 iu
531 680 660 731 sertatum
684 676 767 742 reicit,
789 672 887 730 Falerio
903 673 1058 731 adsentiens
1079 679 1107 727 et
1123 667 1232 727 reiectis

98 785 142 847 eis.
164 801 234 858 quae
254 781 320 839 uos.
344 781 412 836 dun.
430 778 505 836 ltLVl
523 797 548 854 p.
569 785 620 840 385
642 777 744 834 monui.
789 777 824 833 lle
847 794 899 851 qua
921 795 950 833 re
973 785 1004 833 ut
1024 783 1098 832 reete
1120 770 1233 830 iudicari

98 884 190 962 possit,
211 885 329 961 primum
349 882 510 939 onliuudum
530 889 572 937 cst
598 879 631 937 ab
651 878 781 937 vocabule
803 881 898 953 iurpii.
932 878 1063 952 Iurqium
1083 876 1168 950 igitur
1181 872 1234 932 No·

99 988 154 1045 nius
176 987 266 1063 inquit
288 1005 314 1062 p.
337 990 389 1047 29⁸2
416 984 457 1040 erl.
481 984 510 1040 lt.
530 989 557 1039 et
582 985 617 1039 lis
644 983 720 1039 benc
741 983 846 1040 babent
867 984 1048 1040 distantiam:
1076 980 1234 1051 iurpium

98 1092 181 1147 leuior
201 1105 250 1146 res
271 1096 314 1146 est
335 1088 474 1161 siquidem
495 1087 571 1142 inter
591 1086 734 1142 benivolos
756 1092 807 1142 oret
823 1088 1005 1159 propinquos
1026 1085 1165 1142 dissensio
1192 1080 1236 1137 uel

98 1194 267 1251 concertatio
288 1193 412 1264 iurpium
431 1192 555 1249 dicitur:
580 1189 655 1244 inter
683 1191 810 1246 inimicos
835 1190 973 1245 dissensio
994 1188 1041 1244 lis
1061 1186 1234 1260 appellatur.

99 1295 134 1353 ld.
158 1297 269 1354 Tullius
290 1296 325 1353 de
348 1293 422 1366 Rep.
446 1293 491 1349 lib.
512 1290 570 1347 llll:
590 1292 719 1347 admiror
739 1308 792 1348 nec
806 1307 905 1350 rerum
920 1293 1010 1349 solum
1028 1297 1071 1349 set
1086 1291 1236 1348 uerborum

99 1401 178 1455 ctiam
200 1399 380 1471 clepontiom.
426 1395 459 1452 Si
481 1396 607 1468 inruont,
628 1395 736 1466 inquit:
757 1396 949 1452 benivolorum
968 1395 1159 1463 concertatio,
1180 1407 1237 1449 non

99 1502 130 1558 lis
148 1502 337 1567 inimicorum,
359 1499 483 1572 turpium
506 1499 620 1553 dicitur.
660 1497 699 1553 Et
720 1499 914 1570 insequenti:
941 1499 1061 1572 iurpore
1082 1500 1170 1572 iqitur
1188 1499 1238 1554 lex

96 1607 272 1676 putotinter
292 1603 462 1669 restuinus,
490 1616 547 1655 icon
570 1600 699 1672 litipores
727 1600 798 1656 uude
820 1599 887 1658 illud
905 1609 1009 1660 certium
1032 1610 1090 1665 est,
1113 1602 1238 1676 iurpium

100 1706 250 1780 significare
273 1703 450 1778 obprobrium
476 1703 503 1758 in
525 1700 643 1775 aliquem
672 1702 840 1767 coniectum,
869 1705 940 1761 uncle
966 1703 1109 1762 altercatio
1134 1705 1240 1762 oriatur

100 1808 156 1880 (eir.
176 1805 283 1865 nortem.
304 1806 367 1881 Syn.
391 1806 423 1861 lll
445 1812 504 1865 250.
528 1802 550 1857 V
569 1804 640 1877 214).
685 1803 730 1861 Sie
750 1805 852 1862 dictum
872 1806 929 1862 Cat.
952 1814 983 1871 9,
1006 1813 1036 1865 2:
1064 1810 1159 1882 iurpio
1181 1809 1238 1865 dis·

99 1912 212 1967 eordios
233 1911 393 1966 simultates
414 1924 478 1965 eum
500 1907 627 1963 bostibus
646 1908 821 1964 exercebunt
843 1915 872 1964 et
891 1908 948 1981 lug.
971 1914 1019 1972 27,
1045 1918 1074 1970 1:
1096 1912 1239 1969 interdum

99 2014 199 2086 iurpiis
219 2012 361 2069 tradendo
380 2016 499 2082 tempus.
541 2008 661 2083 Adparet
682 2027 749 2084 ergo
765 2010 885 2084 iurgium
900 2010 927 2066 lt.
946 2008 965 2066 1.
981 2009 1049 2066 nilril
1066 2029 1127 2068 essu
1148 2030 1239 2086 posse,

98 2115 148 2170 uisi
171 2121 219 2171 aut
240 2114 313 2188 quud
336 2114 364 2168 in
386 2120 484 2169 senatu
505 2113 533 2167 in
556 2109 696 2168 Catilinam
719 2112 821 2170 dictum
844 2113 896 2169 iam
919 2112 1012 2177 luerit,
1036 2123 1082 2170 aut
1107 2115 1180 2188 qttud
1200 2115 1241 2171 di·

98 2224 171 2273 etum
200 2217 234 2273 iri
256 2213 393 2292 expectari
416 2215 546 2289 potuerit.
591 2212 660 2270 lllud
680 2214 703 2270 si
724 2215 912 2288 posuerimus,
940 2216 993 2273 huo
1012 2214 1133 2273 dicetur:
1163 2217 1242 2291 quasi

99 2316 160 2390 (vid.
183 2325 271 2375 tamen
293 2318 365 2374 inira
388 2316 435 2373 ubi
458 2315 490 2372 de
510 2316 567 2390 lug.
591 2322 633 2380 60,
656 2323 673 2376 4
693 2316 810 2391 dicetur)
831 2325 909 2374 antea
933 2318 959 2374 in
981 2326 1078 2375 senatu
1101 2317 1242 2393 indiguum

10 2397 14 2405 ¹
99 2419 128 2475 in
146 2437 209 2533 ψ
231 2396 409 2495 obprobrium
429 2419 529 2475 iactum
550 2426 638 2483 essot;
661 2417 801 2475 Catilinam
824 2419 908 2494 igitur
930 2419 1058 2478 simulare
1079 2420 1197 2479 voluisse
1213 2438 1243 2479 se

98 2522 192 2595 iurgio
215 2521 372 2579 lacessitum
393 2539 462 2579 esse.
505 2522 541 2576 dt
567 2539 632 2577 rrum
660 2539 691 2579 ea
720 2538 789 2596 quiae
812 2521 838 2576 in
861 2528 957 2580 senatu
980 2522 1100 2596 quamuis
1124 2531 1195 2582 tecte
1215 2524 1243 2580 iu

98 2644 130 2681 se
150 2624 222 2681 dicta
244 2633 271 2679 et
293 2623 402 2683 decreta
422 2631 523 2687 essent,
546 2640 576 2679 se
596 2641 647 2699 pru
665 2624 755 2699 iurgio
770 2622 870 2680 habere
884 2623 1012 2681 simulare
1028 2625 1136 2699 putuit?
1174 2624 1243 2695 Quid

96 2726 247 2783 effecturus
270 2725 339 2790 luit,
368 2726 391 2782 si
414 2743 443 2783 sc
467 2742 535 2800 quae
556 2734 634 2781 antea
653 2725 724 2783 clieta
744 2733 852 2794 essent,
881 2724 1009 2783 leviorem
1037 2727 1243 2786 altercationem

98 2828 199 2885 lralrere
230 2828 358 2892 dixissem
391 2828 415 2883 si
436 2844 491 2883 trun
510 2827 630 2891 elisisset,
657 2828 700 2884 cui
729 2827 795 2884 illud
823 2828 849 2884 iu
874 2837 990 2886 mentem
1022 2829 1114 2886 tenire
1142 2831 1242 2905 potuit,

96 2949 161 2988 eum
183 2931 211 2987 in
235 2939 358 2987 senatum
382 2929 474 2985 venire
497 2929 546 2985 liae
572 2930 662 3004 specie
689 2938 830 3004 praetenta
856 2939 887 2987 ut
909 2949 938 2988 se
960 2940 1138 3006 expurgaret,
1167 2933 1244 3007 quasi

97 3035 192 3107 iurgio
216 3033 359 3090 lacessitus
383 3032 474 3088 essetl
518 3031 587 3087 Illud
616 3031 682 3087 satis
704 3040 809 3088 certum
832 3041 874 3090 est
901 3033 1059 3090 Sallustium
1083 3035 1147 3110 quid
1174 3036 1244 3093 (lati-

96 3136 155 3192 lina
176 3136 203 3191 in
226 3142 323 3190 senatu
347 3134 444 3196 lacere,
468 3151 522 3190 uun
542 3150 611 3206 quae
632 3132 756 3190 lromines
777 3152 819 3197 eo,
842 3135 916 3208 quod
936 3137 963 3191 in
985 3144 1109 3192 senatum
1133 3138 1245 3201 veniret,

95 3238 210 3294 eredere
235 3235 360 3299 voluerit,
382 3236 486 3301 dicere;
509 3235 579 3292 uude
603 3236 655 3292 lroc
677 3252 848 3311 corisoquens
868 3245 918 3301 est,
937 3238 1055 3312 iurgium
1075 3257 1148 3302 esse,
1173 3240 1246 3315 quod

97 3342 129 3395 in
155 3357 217 3396 eum
246 3339 305 3395 steri
332 3338 464 3413 potuerit.
513 3338 580 3393 Tum
609 3355 674 3395 vero
699 3340 785 3395 sicuti
809 3338 875 3395 ferri
906 3358 960 3396 non
989 3350 1089 3416 potest.
1137 3342 1246 3411 Quare

96 3441 235 3498 Linlrerus
255 3441 378 3498 conuexit
400 3440 505 3501 sicubi·
536 3440 609 3513 quum
635 3449 665 3496 ut
693 3448 766 3497 recte
789 3440 822 3496 at
844 3460 876 3499 eu
900 3443 958 3516 lug.
979 3450 1027 3507 60.
1050 3450 1068 3504 4
1089 3445 1247 3502 restitutum

96 3553 157 3605 est.
185 3544 221 3598 ita
254 3543 281 3598 lt.
305 3542 322 3598 l.
352 3542 417 3600 utilti
446 3542 534 3599 atinus
562 3542 710 3616 proluatur,
741 3543 803 3616 quia
831 3560 886 3600 nun
919 3552 972 3601 tam
1001 3545 1174 3602 tricensimum
1203 3563 1248 3607 dx·

96 3647 300 3722 peetationem:
333 3646 364 3701 ‘si
388 3646 460 3702 lette
485 3644 609 3717 quaudu'.
637 3662 717 3717 quam
739 3643 842 3718 alirprid
864 3655 938 3703 certe
954 3647 1077 3721 positum
1099 3646 1152 3704 loci
1176 3649 1247 3705 ratio

97 3749 209 3803 sirletus
231 3746 362 3820 flagitare.
406 3747 438 3803 Et
466 3745 612 3822 probarem
642 3746 713 3820 quod
744 3746 771 3802 iu
798 3741 830 3803 1³¹
855 3749 944 3824 primo
965 3756 1102 3806 exaratum
1122 3750 1187 3813 luit,
1213 3752 1247 3814 si,

50 3865 60 3879 '
98 3850 231 3925 quodque
260 3849 342 3905 ctiam
365 3850 385 3904 P
407 3852 499 3906 si...t
523 3855 653 3911 testatur.
683 3849 706 3904 si
729 3866 784 3924 quo
806 3851 886 3907 modu
915 3851 976 3906 iude
1004 3852 1090 3907 sicuti
1115 3851 1173 3908 fieri
1199 3869 1248 3928 pu·

100 3953 210 4015 tuisset,
236 3949 314 4008 facile
334 3958 407 4013 esset
424 3951 457 4007 ad
473 3948 695 4024 intellegendum.
740 3950 804 4008 Cum
819 3952 903 4025 igitur
916 3953 973 4008 veri
989 3953 1076 4009 simile
1091 3953 1156 4009 mihi
1176 3953 1248 4011 vide·

99 4062 188 4116 retur,
213 4053 357 4126 scripsisse
381 4052 548 4115 Sallustium,
571 4053 644 4125 qrrod
664 4070 714 4128 per·
735 4055 761 4108 si
784 4053 945 4127 explicatum
967 4073 1027 4112 eum
1049 4073 1081 4112 ee
1103 4055 1164 4130 ipso
1183 4073 1248 4113 outr-

100 4154 216 4213 mixtum
236 4156 322 4211 sicuti
342 4156 513 4230 peperisset,
542 4155 592 4210 ubi
615 4154 813 4210 restituendum
837 4157 936 4228 putavi.
980 4156 1027 4211 llis
1048 4156 1134 4232 igitur
1156 4157 1249 4232 dispu-

101 4259 166 4315 tatis
189 4257 223 4313 de
246 4256 285 4313 eis
309 4274 378 4330 quae
406 4257 570 4331 praecedunt
601 4255 707 4313 facilius
737 4256 820 4312 statui
843 4258 953 4331 poterit.
997 4259 1177 4332 Exprcrpore
1197 4259 1250 4317 disi

100 4361 136 4417 de
158 4377 192 4416 eo
212 4366 330 4420 constat.
351 4359 399 4432 qui
420 4359 499 4434 errlpa
523 4376 552 4415 sc
574 4358 686 4421 liberet,
707 4357 819 4414 crimina
842 4357 938 4422 diluit,
962 4358 1036 4417 velrrt
1057 4361 1117 4418 Tac.
1141 4360 1175 4417 ab
1193 4379 1249 4419 eae.

99 4462 127 4518 d.
143 4463 174 4517 tt.
188 4460 245 4518 xtt
265 4466 313 4520 24:
341 4460 472 4519 Tltrosea
488 4492 525 4502 -
539 4460 685 4521 codicillos
706 4460 745 4517 od
761 4459 905 4519 Neronem
921 4463 1080 4538 conposuit,
1098 4465 1251 4541 requirent
