2768 5010
174 358 233 425 108
481 382 708 427 ureroaraavrr
728 385 792 426 nra.
816 385 849 427 rr
871 374 994 430 to-se.

171 530 288 580 eundum
304 530 434 583 drusiani
457 533 568 584 lamma:
593 539 618 584 in
637 543 725 585 caetra
744 562 775 571 -
793 538 938 591 introitum.-
961 535 1012 584 hoe
1031 541 1123 584 autom
1141 535 1229 594 tutius
1249 535 1316 584 mihi

170 599 287 648 videtur.
324 602 372 649 set
391 602 425 651 ad
444 617 523 667 quarn
536 620 593 652 rem
607 620 641 653 ea
654 605 738 654 rerba
751 604 935 668 pertinuerint
953 604 976 652 si
995 603 1175 667 quaesiveris,
1195 602 1231 651 ad
1245 603 1317 653 nihil

171 666 241 730 quod
258 667 286 716 in
305 667 373 717 libro
393 669 445 718 1111
463 678 602 719 narratum
622 672 683 730 fuit,
703 673 793 735 aptius
811 671 926 730 referas,
946 686 1027 735 qrraru
1042 670 1076 719 ad
1095 675 1188 719 eastra
1204 669 1316 720 Mithri-

154 733 242 818 ·datie
262 735 333 800 apud
352 736 454 786 Cabira
473 739 561 803 eapitis
580 739 647 802 (rid.
668 739 703 788 ad
722 740 755 788 ir.
775 738 828 802 44).

254 854 318 915 *46
343 853 402 937 [lir.
420 865 444 914 4.
469 861 498 915 G.
512 856 568 938 u].
617 857 702 917 Cultu
725 860 859 936 corporis
882 865 984 917 ornata
1007 858 1136 935 egregio.

255 974 331 1024 Serv.
353 976 387 1024 ad
406 977 487 1041 Verg.
509 976 541 1025 (l.
561 975 619 1026 13:
640 976 674 1025 Et
694 977 797 1026 ‘erutum'
816 977 855 1026 ίιίσ
867 975 1034 1026 habitudinem
1047 978 1165 1039 corporis
1176 978 1313 1039 aipnilicat.

170 1043 234 1091 aliua
252 1049 375 1092 ornatum.
412 1044 561 1094 Sallustius:
585 1043 660 1104 cultu
679 1044 841 1110 -egregio
861 1043 931 1106 (rid.
957 1041 1083 1108 1ug.33,
1105 1041 1143 1106 l).
1180 1043 1241 1092 Nisi
1267 1045 1313 1108 qui

170 1109 353 1165 coniecturae.
374 1127 408 1160 ne
427 1116 484 1161 tum
502 1112 610 1175 quidem
623 1126 684 1161 euru
704 1117 780 1160 certa
792 1112 897 1161 indicia
911 1111 945 1160 ad
959 1127 1020 1160 eam
1033 1111 1144 1170 ducant,
1163 1110 1313 1175 quidquam

169 1176 341 1227 tribuendum
365 1185 461 1244 neget,
491 1178 598 1228 Kritzio
623 1180 793 1228 adsentietur
814 1179 884 1228 haee
908 1178 943 1228 ad
966 1177 1134 1228 Mithridatia
1158 1178 1220 1226 coni
1261 1195 1312 1238 em,

168 1242 307 1293 Monimen
326 1245 471 1307 Milesiam,
492 1247 633 1296 referenti.
671 1247 759 1307 Quam
779 1262 839 1296 oum
852 1247 924 1295 Plut.
938 1247 1005 1295 Luc.
1028 1243 1059 1294 18
1076 1251 1141 1305 tum,
1161 1193 1312 1296 tumultue-

169 1309 264 1361 ehides
283 1313 423 1362 eunuchus
442 1319 471 1362 ut
488 1330 518 1363 ae
539 1314 600 1378 ipsa
617 1313 786 1364 interficeret
798 1315 935 1378 optionem
948 1314 1036 1373 daret,
1055 1312 1214 1378 diademate
1232 1329 1313 1362 orna·

167 1382 225 1457 tam
244 1379 329 1459 inisse
348 1386 454 1444 narret,
477 1382 522 1430 vix
541 1381 755 1445 probabiliorem
774 1381 918 1432 verborum
937 1381 1158 1447 explicandorum
1177 1382 1312 1431 rationem

167 1460 302 1496 mremae.

254 1564 317 1625 *47
347 1565 407 1646 [lir.
429 1574 452 1626 5.
481 1571 511 1626 G.
534 1567 592 1649 42].
643 1568 749 1629 Tenuit
777 1566 917 1630 Lucullus
946 1567 1135 1636 thensauros,
1165 1567 1314 1629 custodias

169 1683 275 1744 regias.

252 1787 331 1837 Haec
355 1787 440 1837 verba
464 1793 667 1839 conmemorata
692 1790 726 1840 ab
746 1789 877 1854 Pompeio
895 1788 927 1837 Α.
947 1787 981 1836 Ι).
1002 1804 1027 1852 p.
1049 1785 1105 1837 100.
1128 1785 1173 1837 191
1199 1804 1215 1838 e
1250 1789 1313 1854 egie

168 1853 290 1903 Kritzine
314 1855 472 1905 inlustravit
500 1858 659 1921 conparatis
687 1857 780 1907 verbis
802 1856 877 1906 I'lut.
901 1856 967 1905 Lue.
993 1872 1018 1905 e.
1045 1854 1087 1904 18:
1121 1845 1164 1904 Τά
1192 1851 1211 1905 d
1254 1849 1313 1906 Κά-

168 1918 250 1987 βειρα
269 1915 363 1988 λαβών
381 1919 430 1973 nal
448 1922 504 1974 uir
521 1913 614 1974 άλλων
632 1924 780 1990 φρουρίων
798 1917 831 1974 τά
851 1924 969 1974 πλεῖστα
987 1914 1155 1989 θησαυρούς
1173 1937 1202 1972 τε
1225 1915 1313 1988 μεγά·

168 1989 234 2048 iove
258 1978 323 2053 εόρε
346 1987 395 2040 ιιαλ
421 1983 612 2057 δεσμωτήρια,
636 1991 747 2043 πολλῶν
769 1985 824 2057 μὲν
842 1983 998 2057 Ἑλλήνων,
1023 1989 1134 2041 πολλῶν
1157 1983 1190 2040 δὲ
1213 2004 1313 2066 epypa-

168 2054 226 2108 νάν
243 2057 295 2108 τοῦ
312 2053 448 2122 βασιλέως
465 2059 588 2124 ιιαδειργ
611 2055 683 2110 ἐνων
717 2054 761 2118 οἷς
780 2053 868 2110 πάλαι
888 2050 1029 2109 τεθνάναι
1049 2056 1185 2109 δοκοῦσιν
1204 2073 1239 2108 ον
1260 2073 1312 2109 σω-

168 2124 280 2206 τηρίῳν,
294 2116 359 2175 άλλ’
376 2116 535 2191 άναβίωσιν
548 2077 748 2192 narraverim
760 2121 824 2177 τινά
838 2121 973 2192 γέννησιν
991 2116 1008 2192 ἦ
1027 2118 1211 2176 Λουκούλλου
1229 2119 1314 2191 χάρις

168 2208 317 2258 παρεσχεν.
867 2221 870 2226 -

254 2309 294 2374 48
318 2313 416 2394 [lint.
445 2317 474 2372 G.
488 2312 545 2394 54].
590 2313 721 2374 insolens
744 2333 810 2375 rora
831 2313 1014 2391 accipiundi:

253 2433 351 2483 Adfert
368 2435 438 2483 Dou.
460 2432 495 2481 ad
513 2432 577 2481 Ter.
597 2433 679 2482 Andr.
699 2434 723 2481 V
741 2434 765 2493 t,
779 2434 803 2490 4,
822 2438 852 2482 ut
870 2435 981 2481 insolens
999 2431 1069 2482 idern
1088 2446 1149 2480 esee
1169 2436 1251 2495 atque
1271 2432 1313 2481 in·

168 2499 275 2557 solitus.
295 2502 418 2551 insuetus
438 2499 545 2549 doceat.
577 2502 656 2561 Quae
669 2501 755 2551 verba
767 2517 820 2549 non
833 2499 943 2550 dubium
958 2505 1000 2549 eet
1019 2499 1081 2562 quin
1100 2503 1175 2547 recte
1189 2499 1314 2548 Kritziue

169 2569 308 2619 censuerit
333 2569 408 2618 dieta
431 2567 516 2616 fuisse
536 2568 569 2616 de
588 2569 724 2633 'rigranne⁸
749 2569 894 2619 Armeniae
914 2583 994 2630 rege,
1019 2567 1052 2615 ad
1076 2581 1155 2631 quern
1178 2565 1314 2616 Lucullus

168 2637 191 2687 A
212 2637 284 2701 pium
310 2637 454 2687 Claudium
478 2635 523 2699 qui
547 2635 725 2686 Mithridaten
755 2636 943 2701 expostularet
970 2635 1092 2684 miserat.
1138 2634 1214 2683 Haeo
1238 2635 1313 2683 enim

168 2653 328 2753 Platane.
349 2720 372 2753 e.
392 2704 439 2754 21:
469 2694 584 2769 Ταότην
607 2701 704 2767 με’ντοι
728 2696 781 2770 τὴν
804 2701 968 2779 τραγῳδίῳν
990 2692 1042 2768 οόγ
1065 2692 1223 2778 όῳοτρίσας
1243 2691 1314 2752 oo’d’

169 2761 320 2834 ἐκπλαγεὶς
338 2761 495 2830 iurator,
514 2761 552 2827 ὥς
572 2765 651 2835 ἔτυχε
670 2764 755 2835 λόγου
773 2770 900 2834 πρῶτον,
924 2785 1058 2832 αντιιιρυς
1077 2780 1159 2834 ηιιειν
1177 2762 1234 2834 ἔφη
1252 2768 1313 2818 Μι-

170 2833 315 2904 θριδάτην
332 2830 452 2901 άπάξων
469 2829 660 2902 ὀφειλόμενον
678 2843 737 2898 τοῖς
755 2831 937 2889 Λουκούλλον
956 2838 978 2888 θ
997 2829 1112 2913 ιάμβοιγ
1125 2824 1144 2902 ἦ
1156 2831 1312 2902 καταγγέλ-

169 2905 225 2982 λῳν
240 2898 368 2973 Τιγράνῃ
380 2899 515 2971 πόλεμον,
533 2895 603 2956 (dote
617 2899 666 2957 τόν
681 2899 837 2972 Τιγράνην,
856 2904 960 2983 ιιαίπςρ
974 2855 1006 2982 lp
1018 2903 1148 2969 διοιγοσει
1161 2903 1212 2980 poti
1224 2919 1313 2968 προσ-

167 2988 247 3023 ωπον
268 2971 317 3024 καὶ
335 2967 501 3039 μειδιάματι
520 2969 709 3039 πεπλασμένῳ
727 2969 903 3038 πειρώμενον
921 2987 1039 3023 ακονειν
1062 2971 1118 3022 τοῖν
1141 2972 1246 3036 λογων,
1270 2965 1312 3037 μὴ

168 3040 273 3092 λαθεῖν
291 3035 357 3100 τούς
374 3036 520 3106 παρόντας
530 3031 729 3121 νη’λλοιωμίγον
747 3042 781 3108 τῇ
798 3040 943 3106 παρρησίᾳ
961 3038 1012 3091 τοῦ
1030 3039 1192 3101 νεανίσκον,
1212 3039 1314 3121 φανῇς

168 3101 271 3242 σᾶεὸὀν
290 3100 445 3173 ἐλευθέρας
463 3101 607 3162 άιιουοντα
632 3108 681 3160 δια
700 3105 784 3160 πέντε
803 3105 852 3160 aul
872 3107 980 3159 είκοσιν
1000 3099 1084 3158 ἐτοῖν·
1108 3107 1232 3158 τοσαῦτα
1256 3124 1313 3172 γαρ

169 3166 183 3225 l

202 3177 348 3240 ασιλενσε,
367 3176 476 3242 μάλλον
494 3173 527 3229 δὲ
546 3164 670 3242 ὕβρισεν.

254 3296 294 3356 49
318 3297 381 3377 [lir.
399 3305 423 3354 7.
453 3302 482 3355 G.
500 3297 563 3378 46].
606 3296 784 3357 'letrarrhas
807 3315 952 3375 regesque
974 3296 1129 3356 exterritos
1152 3296 1241 3355 arreni
1262 3296 1313 3355 lir-

168 3400 264 3459 mavit.

252 3499 330 3548 Aure.
350 3516 375 3564 p.
394 3498 445 3547 ‘228
464 3514 523 3548 eum
548 3498 676 3549 lemmate
699 3506 840 3550 exterritae
863 3502 927 3548 illias
950 3500 997 3546 rei.
1033 3498 1110 3546 Haer
1131 3511 1238 3562 quoque
1256 3515 1314 3548 nou

168 3566 278 3618 dubium
297 3573 339 3616 eat
362 3568 427 3632 quin
451 3567 483 3616 de
503 3568 590 3632 Appio
610 3567 725 3616 Claudio
743 3567 818 3616 dieta
837 3567 947 3626 fuerint,
967 3566 1011 3615 cui
1030 3570 1059 3613 ut
1077 3564 1174 3627 Syriae
1194 3566 1312 3630 potissu-

168 3651 239 3684 mum
258 3649 338 3700 reges
358 3639 386 3684 et
404 3635 533 3685 civitatee
552 3635 587 3684 ad
599 3635 783 3684 deiectionem
804 3635 838 3683 ab
852 3635 972 3699 Tigrane
990 3631 1134 3697 pellit-eret
1152 3633 1313 3683 mandatum

168 3702 228 3752 init.
266 3702 323 3751 Cir.
347 3703 470 3752 Momms.
494 3703 533 3751 111
557 3718 582 3766 p.
608 3700 649 3751 60.
681 3701 752 3750 Plut.
776 3703 842 3751 Irne.
869 3718 892 3750 ο.
911 3701 958 3762 21,
983 3699 1130 3749 secundum
1155 3715 1236 3764 quem
1259 3699 1313 3750 hoc

167 3769 351 3834 fragmentum
371 3775 435 3819 ante
453 3767 487 3818 48
505 3771 657 3834 ponendum
677 3774 738 3818 esse
757 3769 890 3834 suspicari
910 3769 1006 3833 poesie.

253 3889 302 3947 50.
355 3888 485 3948 Carnisos
517 3907 584 3948 uun
612 3904 752 3962 graernrn
788 3905 896 3947 nonren
926 3885 1072 3947 serendae
1098 3884 1313 3954 ruderatione,

166 3993 194 4050 si
214 3990 324 4050 iaciens
341 3991 486 4065 genetivo,
512 3991 539 4048 iu
562 3987 699 4049 Sallustio
721 3987 876 4066 selegisse
899 3995 1023 4048 testetur
1044 3985 1160 4045 Probus
1183 4004 1211 4063 p.
1240 3986 1312 4055 ¹30,

167 4091 281 4152 ridetur
309 4091 411 4150 eadem
440 4092 522 4166 ragio
544 4090 647 4158 luisse,
673 4108 761 4168 quun
786 4089 938 4166 descripsit
969 4085 1146 4148 strasfxll
1171 4103 1199 4162 p.
1232 4086 1312 4147 786:

167 4181 344 4270 Πομπήιος
365 4182 402 4250 δὲ
424 4180 551 4261 πολλάς
572 4185 728 4268 ἐπαρχίας
748 4179 936 4267 προσώρισε
959 4184 1004 4272 τῷ
1025 4179 1114 4269 τόπῳ
1135 4180 1190 4247 καί
1211 4177 1314 4247 πόλιν

167 4279 321 4370 ω’νόμασε
343 4281 545 4370 aeterniter
567 4285 621 4351 καί
645 4279 706 4370 τὴν
731 4280 991 4368 Μεγαλόπολιν,
1021 4281 1162 4358 συνθείς
1184 4279 1314 4366 ταύτην

167 4410 201 4450 τε
225 4388 270 4462 είς
292 4378 330 4450 ἓν
351 4381 411 4470 τήν
431 4410 465 4450 τε
486 4380 736 4471 Κουλουπηνὴν
756 4384 811 4453 καὶ
835 4378 896 4471 τὴν
920 4380 1137 4470 Καμισήνην,
1164 4375 1313 4467 ὁμόρους
