2768 5010
173 324 213 392 94
512 346 815 398 eonnsurarrenun
839 350 910 397 one.
934 351 1000 413 iv..

173 505 272 562 Cirtam
290 503 402 580 petisse,
426 505 555 581 oppidum
574 506 737 565 firmissumc
758 509 900 567 monitum
937 511 1026 586 Atque
1049 509 1118 566 idem
1139 519 1235 585 postea
1256 519 1313 575 lot

173 616 187 667 l
210 616 303 663 narrat
329 616 386 664 tum
414 609 559 665 exercitum
586 610 612 666 in
637 609 819 667 hibernaculis
850 613 1022 687 conpositum
1044 630 1119 675 esse,
1148 606 1193 687 qld
1216 622 1275 676 100
1299 623 1312 674 l

171 709 312 767 llarium
305 725 332 764 ur
355 711 463 785 oppidis
485 712 634 768 maritumis
663 711 775 768 lrilierna
805 731 887 787 agere
908 715 1060 772 decrevisse
1085 715 1202 772 tradidit
1244 716 1312 772 Num

173 812 258 885 igitur
283 812 354 867 llirta
385 813 513 888 oppidum
544 813 717 870 maritumum
746 815 814 870 luit?
864 815 1028 892 Quamquam
1058 815 1203 873 Sallustius
1230 836 1312 891 supra

172 920 220 977 21,
241 920 259 972 2
284 914 356 970 dotet
383 916 465 988 longe
494 934 512 971 a
540 918 617 971 mori
640 933 733 987 prope
764 917 871 973 Cirtam
899 921 1034 990 oppidum
1056 891 1188 993 scripsit,
1224 928 1312 974 tannen

146 1061 148 1067 .
173 1034 228 1073 nou
250 1035 353 1079 vereor,
376 1033 409 1072 ue
432 1017 576 1091 quiscum
599 1018 645 1091 qui
667 1017 743 1074 loeus
770 1018 803 1074 ali
828 1021 895 1076 mari
925 1020 1102 1095 quadraginta
1129 1020 1238 1077 milibus
1266 1020 1313 1075 ali·

172 1127 245 1176 esset
271 1117 388 1191 (Strabo
407 1125 461 1181 832
485 1119 547 1175 Cas.
569 1138 595 1195 p.
621 1127 689 1181 1160
713 1121 791 1177 Mein.
821 1114 853 1176 ἕν
873 1119 1031 1202 μεσογαίᾳ,
1058 1123 1152 1197 Pomp.
1175 1122 1233 1178 llel.
1254 1122 1264 1176 l
1286 1129 1312 1182 6.

171 1221 206 1277 de
227 1221 252 1276 t.
274 1219 336 1275 Alr:
351 1227 398 1282 25,
421 1221 476 1275 liv.
499 1221 565 1277 XXX
589 1227 628 1280 Γ).
664 1222 718 1278 Gn.
739 1222 813 1279 Closs
835 1223 852 1278 l.
875 1243 898 1280 c.
921 1242 947 1299 p.
971 1223 1032 1298 1⁸22)
1054 1225 1081 1281 iu
1100 1225 1208 1299 oppidis
1230 1225 1312 1279 triari-

172 1323 254 1381 tumis
275 1323 401 1379 habuisse
420 1331 525 1395 argitat.
562 1324 608 1379 Set
630 1323 704 1379 Utica
726 1324 754 1380 in
776 1326 914 1400 provincia
935 1343 1045 1382 romana
1067 1327 1118 1383 sita
1140 1335 1207 1382 erat.
1242 1325 1312 1381 Num

172 1426 322 1483 inauditum
351 1433 393 1481 est
419 1425 567 1482 exercitum
593 1425 621 1480 in
650 1427 788 1500 provincia
815 1445 946 1502 proxuma
973 1436 1067 1502 pacata
1088 1428 1201 1484 lriemem
1224 1435 1312 1484 trans·

172 1529 279 1602 egisse‘.l
321 1525 353 1582 Et
375 1536 465 1583 nonne
482 1526 560 1589 llari,
582 1545 642 1583 cnm
661 1528 796 1585 exercitus
816 1529 979 1586 reficiendus
996 1538 1024 1585 ct
1039 1529 1124 1586 mirlta
1144 1529 1216 1586 hello
1234 1529 1311 1585 utilia

172 1630 290 1705 paranda
313 1635 420 1691 esseut,
447 1627 557 1702 plurimi
588 1630 729 1692 interluit,
758 1639 789 1686 ut
811 1631 838 1686 in
859 1631 954 1687 vicinia
973 1640 1071 1706 portus
1095 1631 1311 1706 oportunissumi

173 1741 200 1788 et
222 1731 444 1805 frequentissumi
467 1739 548 1787 esset.
590 1731 666 1817 (lutid
686 1732 709 1788 si
732 1734 792 1806 quis
814 1734 927 1794 dixerit.
958 1733 1003 1807 qui
1026 1743 1225 1809 propraetore
1248 1751 1312 1807 pro·

173 1835 286 1891 vinciam
309 1832 453 1895 obtineret,
477 1833 566 1889 Uticae
587 1833 678 1889 sedem
697 1834 824 1892 lmliuisse
849 1836 941 1909 itaque
964 1835 997 1890 ali
1018 1835 1101 1892 llario
1119 1836 1148 1893 L.
1164 1834 1311 1891 Bellienum

160 1938 205 2033 fl
226 1935 328 1993 Uticam
350 1942 474 1990 vocatum
495 1952 555 1991 esse
575 1935 630 1990 reri
646 1935 778 1993 dissimile
800 1954 869 2001 esse,
890 1938 982 1993 nonne
1000 1938 1046 2011 qui
1066 1938 1219 2012 provinciae
1233 1955 1312 2012 prae·

172 2047 239 2101 erat,
264 2039 288 2094 ei
309 2044 458 2093 contentus
481 2037 580 2111 agundi
609 2037 747 2112 niultaque
770 2039 866 2095 itinera
889 2039 1011 2095 laciuudn
1035 2049 1123 2103 erant,
1152 2047 1183 2094 ut
1210 2039 1311 2095 rectius

172 2159 232 2200 euni
254 2139 359 2197 nullo
352 2157 379 2196 m
401 2139 501 2213 oppido
522 2140 613 2196 sedem
635 2141 712 2196 fixam
735 2140 861 2197 habuisse
878 2141 1005 2197 contendi
1023 2143 1128 2216 possiti
1168 2140 1310 2199 Postremo

172 2246 212 2302 nd
231 2242 399 2319 praepositio
423 2259 478 2315 quo
499 2242 581 2299 modo
602 2242 673 2298 dicta
696 2243 739 2306 sit
763 2259 817 2299 non
839 2251 890 2304 est,
913 2242 987 2316 ‹prrod
1009 2260 1149 2319 exponam.
1183 2243 1309 2299 (letemini

172 2346 245 2422 quod
268 2354 329 2401 ante
347 2344 496 2416 lupellos
515 2343 678 2418 llegitur'
667 2363 696 2400 ur
719 2346 821 2417 qrrilius
842 2344 916 2400 iel
905 2363 935 2400 m
957 2347 1022 2417 quie
1044 2353 1123 2421 turpe
1149 2344 1312 2400 dclmncsta·

172 2457 291 2506 mentum
320 2444 452 2502 orationis
476 2463 552 2508 esse,
585 2455 616 2502 ut
642 2447 805 2521 gaudeamus
838 2447 910 2521 quod
939 2455 995 2504 tres
1028 2446 1091 2503 liliri
1126 2465 1159 2503 eo
1192 2456 1311 2507 careant,

173 2549 293 2625 quemvis
314 2546 473 2621 intellegere
495 2548 622 2604 arbitror.

257 2650 314 2724 lug.
340 2658 396 2712 105,
420 2651 581 2722 ineditum
601 2647 737 2723 glossema
759 2668 819 2707 esse
842 2656 896 2706 tam
919 2651 1100 2708 manufestum
1119 2660 1175 2714 est,
1198 2658 1229 2707 ut
1252 2651 1310 2706 iure

172 2753 280 2810 mireris
300 2752 333 2807 ab
354 2751 497 2807 admodum
519 2752 612 2826 paucis
635 2753 749 2810 eiectum
772 2771 840 2809 esse.
877 2753 941 2809 Nam
961 2769 1051 2809 nonne
1069 2753 1168 2810 cohors
1182 2750 1311 2826 Paeligna

172 2855 293 2930 peditum
317 2852 387 2909 luitl
420 2853 475 2909 >Set
498 2853 563 2910 illud
584 2854 695 2911 dubium
716 2865 773 2918 est,
806 2864 898 2912 utrum
923 2872 983 2912 cum
1009 2855 1248 2927 malueruntque,
1276 2872 1310 2910 au

172 2960 253 3024 item,
280 2973 397 3030 quorum
423 2955 538 3012 alterurn
566 2965 657 3014 utrum
685 2957 751 3013 lerri
778 2957 886 3031 nequit,
915 2957 1066 3013 eiciundum
1092 2958 1137 3013 sit.
1182 2956 1221 3012 Xd
1252 2973 1310 3011 rem

172 3077 267 3136 parum
292 3059 413 3120 interest,
437 3068 480 3114 set
499 3077 551 3132 ego
575 3061 702 3134 qttouiam
721 3060 748 3115 in
769 3059 913 3135 permultis
931 3050 1009 3115 libris
1030 3062 1096 3116 item
1118 3058 1247 3115 omissum
1269 3065 1312 3113 est

173 3178 222 3218 nec
243 3162 340 3218 rnirum
363 3162 385 3217 si
409 3160 520 3224 librarii,
538 3162 727 3235 coniungenda
755 3162 884 3219 voeabula
906 3161 1040 3226 arbitrati,
1062 3165 1137 3228 item,
1158 3160 1230 3236 quod
1254 3160 1311 3216 Sal·

173 3263 256 3320 lustio
278 3271 438 3320 consuetum
461 3281 521 3319 esse
544 3272 686 3327 tenerent,
710 3263 875 3327 addiderint,
897 3265 1021 3339 pressius
1042 3262 1175 3321 librorum
1197 3263 1310 3337 vestigia

172 3374 283 3423 secutam
305 3365 369 3422 milii
393 3366 493 3422 videor.
528 3366 612 3423 Paulo
634 3373 698 3441 post
717 3365 797 3422 verba
814 3368 889 3438 guod
910 3381 945 3422 eo
962 3368 1035 3425 lcoin
1049 3373 1125 3432 sunt,
1149 3382 1310 3439 quamquam

83 3471 87 3478 “
172 3467 280 3525 aliunde
306 3469 447 3542 cognitum
473 3486 528 3525 riou
553 3469 681 3525 habemus
708 3469 774 3524 levia
801 3469 885 3524 luisse
914 3468 1023 3525 illorum
1053 3466 1219 3543 populorum
1248 3465 1310 3528 tela.

173 3588 261 3646 neque
289 3588 357 3645 qirae
383 3569 476 3627 multis
505 3569 617 3644 proeliis
646 3587 759 3626 evenere
787 3570 812 3625 id
834 3570 1007 3633 confirmant,
1037 3578 1127 3627 tamen
1150 3568 1312 3626 rernovenda

173 3691 228 3730 uon
249 3674 429 3739 censuissem.
456 3673 507 3728 nisi
538 3688 605 3746 quae
630 3673 657 3727 in
685 3671 762 3728 liliris
789 3673 1000 3747 manuscriptis
1027 3680 1092 3730 stret
1112 3670 1311 3745 discrepantiae

172 3787 199 3836 et
221 3795 343 3835 maxume
367 3776 438 3851 quod
463 3779 489 3831 in
512 3770 544 3849 p²
561 3775 707 3850 praefixum
728 3783 770 3832 cst
791 3791 895 3844 cause,
922 3775 1103 3850 suspicionem
1133 3790 1189 3830 non
1212 3772 1311 3829 movis-

172 3889 242 3945 sent,
266 3889 308 3937 set
329 3878 558 3936 confirmassent.-

256 3984 313 4057 lug.
341 3990 396 4044 106,
418 3990 436 4043 3
461 3979 593 4036 linlrerus
616 3988 726 4056 praeter
753 3982 891 4052 dicitque,
918 3979 952 4035 de
973 3994 1027 4052 quo
1049 3994 1132 4053 supra
1151 3994 1178 4052 p.
1200 3983 1236 4038 63
1256 3977 1312 4033 dis·

172 4086 254 4150 serui,
278 4086 359 4141 etiam
377 4098 490 4156 pavens
512 4084 588 4139 terreis
610 4083 728 4140 inclusit.
775 4083 849 4139 Liliri
875 4080 976 4137 nullam
997 4098 1120 4137 caussam
1146 4079 1311 4153 suspicionis

172 4189 318 4262 praebeam
339 4203 399 4242 uam
423 4184 500 4240 nihili
517 4194 567 4247 est.
592 4187 664 4260 quod
686 4184 760 4240 solus
776 4178 814 4239 ll²
834 4187 944 4240 incerto
960 4199 1073 4255 paveris
1094 4182 1173 4239 vultu
1191 4180 1310 4237 exlriliet.

173 4288 240 4345 llum
262 4291 348 4364 igitur
370 4287 504 4344 sententia
526 4296 557 4342 ut
579 4286 845 4362 eiciaturpostulatl
880 4285 1005 4342 lliumne.
1041 4284 1106 4341 Nam
1123 4299 1311 4357 pnocrecum

171 4389 205 4447 de
220 4397 294 4447 metu
310 4397 387 4447 tauto
401 4390 515 4452 dicatur,
538 4391 583 4464 qui
604 4389 736 4464 pallorem
751 4398 778 4445 et
795 4396 941 4445 tremorem
958 4387 1058 4444 elliciat
1078 4385 1194 4462 (notat,
1210 4386 1276 4462 Syn.
1291 4384 1312 4440 ll
