2768 5010
417 376 721 420 commurarrouun
743 375 814 418 car.
835 376 883 417 111.
954 374 960 393 ’
1181 356 1220 417 41

125 522 223 605 rimam,
249 523 374 607 συχνούς
399 549 429 588 τε
455 524 488 588 ἐκ
509 527 570 588 τῶν
598 521 851 606 ουνηγορημοὲτων
874 523 943 610 roric
963 547 993 586 τε
1012 521 1222 603 οἰκειούμενος,

115 621 168 703 ὀὖς
179 630 203 693 δὲ
216 628 368 709 ἐκφοβῶν,
389 620 516 717 melioria
536 620 604 702 τούς
624 620 847 709 διογγὲλλονοοὶς
861 628 894 688 οῖ
909 628 1030 689 τοιαῦτα
1045 625 1156 708 boxel),
1172 650 1223 707 με·
1242 632 1247 641 ’

122 724 259 810 τοοτῆναιὴ
281 732 420 814 γερουσία
434 720 486 791 τὸν
502 731 665 791 Κατιλίναν
681 728 847 810 ἐψηφίσατο
868 735 945 808 (baec
960 735 1027 798 isne,
1043 735 1089 810 qui
1102 733 1222 792 Sallusti.

120 835 188 896 librani
207 840 232 896 iu
254 838 389 896 narrando
418 844 481 894 ante
504 837 600 895 oculos
627 838 754 901 baberet,
784 838 821 894 ita
849 855 960 895 narrare
986 836 1119 913 potuitl).
1169 837 1222 894 lam

120 938 221 1016 bacaque
239 942 297 998 iure
319 958 447 1015 quaeram
473 939 591 996 lectores
614 939 749 997 iudicent:
782 959 845 998 num
868 940 995 1014 scriptor,
1021 941 1067 1014 qui
1099 957 1167 1014 quae
1190 941 1223 997 ab

119 1040 214 1101 Sallustio
239 1043 389 1118 accepisset
416 1040 458 1099 vel
488 1042 582 1117 potius
610 1042 790 1117 adripuisset,
819 1043 859 1098 eis
886 1043 924 1099 ita
945 1061 1010 1100 usus
1033 1042 1083 1104 sit,
1110 1050 1140 1099 ut
1168 1060 1223 1100 non

120 1143 180 1202 solun
199 1148 268 1202 inter
288 1162 319 1202 se
340 1144 522 1202 confunderet
544 1152 586 1201 set
608 1146 690 1201 etiarn
706 1146 766 1202 cuin
783 1144 851 1208 aliis.
875 1163 943 1220 quae
964 1144 1072 1201 aliunde
1094 1145 1224 1219 sumpsis-

119 1255 155 1306 sd,
176 1266 272 1305 snrnma
298 1246 420 1303 lubidine
447 1245 642 1311 conmisceret,
672 1243 724 1322 pro'
750 1255 820 1303 teste
842 1248 907 1303 satis
930 1246 1066 1321 locuplete
1085 1245 1224 1303 habendus

119 1356 158 1410 est,
180 1358 205 1406 at
225 1351 285 1407 eius
304 1349 356 1405 lide
379 1366 423 1405 res
445 1347 499 1405 alio
522 1349 617 1405 ordine
641 1348 740 1407 abillo
766 1349 914 1423 dispositas
936 1349 1035 1411 luisse,
1065 1365 1144 1422 quam
1170 1367 1224 1423 qno

120 1466 185 1506 onnes
206 1451 268 1507 libri
287 1451 425 1513 exhibent,
446 1437 605 1526 persuasum
631 1449 711 1506 nobis
731 1451 869 1507 videatur?
892 1451 1053 1526 praesertim
1076 1469 1137 1507 curn
1159 1459 1222 1508 ante

120 1567 159 1607 ern
177 1553 221 1610 iam
235 1551 304 1609 alios
326 1553 476 1628 scriptores
497 1551 551 1609 alio
572 1552 682 1615 ordine,
711 1570 790 1628 quam
812 1554 858 1626 qui
882 1572 953 1610 nunc
974 1553 1045 1628 apud
1067 1551 1224 1610 Sallustium

120 1661 207 1713 mres
226 1672 368 1712 enarrasse
388 1662 505 1711 constet.
544 1651 612 1710 lllud
634 1655 698 1711 mibi
719 1654 785 1710 satis
807 1656 1008 1712 demonstrasse
1030 1654 1131 1718 videor,
1154 1659 1225 1732 apud

122 1758 255 1825 posteriores
273 1774 365 1813 rerum
393 1756 542 1831 scriptores
570 1744 637 1812 r'ribil
663 1756 777 1813 inveniri
806 1775 859 1830 quo
886 1775 936 1833 pro
959 1757 1025 1812 satis
1047 1766 1123 1814 certo
1145 1778 1225 1832 argu-

124 1865 186 1914 aerto
204 1860 296 1922 utaris,
319 1866 349 1914 ut
373 1857 458 1915 libros
480 1859 696 1934 manuscriptos
715 1876 809 1915 omnes
832 1858 940 1915 vitiatos
960 1877 1020 1915 esse
1039 1859 1154 1917 evincas.

180 1959 296 2028 [biamms
317 1967 408 2016 autem
436 1959 584 2016 laudandus
608 1960 658 2022 sit,
686 1961 732 2035 qui
761 1959 898 2016 hominem
929 1960 1096 2035 praeclarum
1123 1964 1226 2019 erroris

125 2056 237 2131 alprobrio
260 2061 377 2118 liberare
400 2062 516 2121 studeat,
539 2069 627 2117 tamen
651 2079 684 2118 ne
707 2062 812 2119 veritati
841 2061 1010 2125 obficiarnus,
1034 2063 1160 2135 quoniam
1183 2081 1226 2121 er·

126 2162 395 2225 munbrunnosi,
424 2181 488 2220 num
511 2162 556 2218 ille
583 2179 675 2219 errare
702 2164 824 2238 potuerit
849 2162 998 2237 diligenter
1023 2163 1164 2221 nobiscnm
1184 2184 1227 2222 re·

125 2269 191 2330 pann
207 2266 343 2323 debemus.
383 2265 469 2339 igitur
491 2264 514 2321 si
534 2263 610 2321 illurn
632 2282 754 2322 errorem
775 2283 830 2323 non
849 2264 970 2327 Sallusti,
994 2273 1036 2321 set
1058 2264 1162 2322 librarii
1181 2286 1227 2324 cu·

126 2358 197 2421 ladam
215 2366 309 2443 culpae
332 2366 515 2429 tribuerimus,
539 2384 602 2424 narn
622 2384 717 2423 ornnes
734 2384 778 2424 res
799 2367 946 2441 diligenter
966 2366 999 2423 ab
1019 2385 1052 2425 eo
1073 2369 1227 2444 exploratas

126 2468 317 2525 aseeriucitnr'l
347 2469 430 2526 lmmo
451 2476 560 2525 ararent
575 2468 627 2525 alia
649 2486 704 2525 non
724 2469 812 2525 minus
833 2469 922 2543 gravia
946 2468 1102 2543 obprobria.
1144 2471 1177 2528 Ut
1195 2472 1228 2528 de

126 2562 203 2625 redenis
216 2571 354 2627 erroribus
371 2577 480 2633 taceam,
498 2570 545 2644 qui
556 2569 589 2625 ab
605 2570 668 2625 riris
683 2571 779 2634 doctis,
797 2572 958 2633 llrurnanno‚
973 2570 1103 2646 llagenio.
1122 2572 1227 2630 Halmio

125 2662 164 2722 ilis
178 2674 256 2745 aperti
279 2680 361 2733 sunt,
391 2689 425 2728 nc
451 2690 505 2745 quo
530 2678 651 2746 tempore
678 2672 785 2745 quidem
809 2680 920 2730 senatus
947 2672 1103 2730 consultum
1124 2676 1229 2732 dorent

124 2782 209 2835 aarum
224 2777 355 2831 eonsules
376 2790 411 2830 ne
433 2775 503 2846 qnid
516 2789 564 2830 res
578 2775 692 2844 publiea
708 2776 871 2831 detrimenti
891 2782 1017 2846 caperet,
1041 2775 1141 2833 sactum
1156 2785 1230 2834 esset

125 2879 173 2927 aeti
188 2875 331 2938 enarravit,
354 2877 475 2950 qrramris
497 2875 523 2930 id
546 2875 613 2932 adeo
638 2894 669 2931 er
692 2876 744 2931 Cic.
764 2876 893 2932 invectiva
924 2879 950 2932 in
972 2876 1111 2934 Catilinam
1133 2880 1229 2954 prima,

125 2969 330 3052 §radicatique
353 2978 476 3034 acumine
494 2986 540 3033 aut
562 2976 685 3033 sollertia
708 2978 736 3034 in
764 2978 954 3052 perquirendis
974 2978 1054 3035 rebus
1077 2989 1159 3044 esset,
1184 3001 1229 3038 co·

125 3087 224 3139 atraere
238 3081 383 3154 potuisset.
417 3078 494 3146 Quod
509 3079 531 3134 si
555 3096 615 3134 earn
638 3076 734 3136 eodein
755 3081 835 3137 modo
854 3089 935 3155 atque
952 3081 1125 3138 Plutarchum
1148 3101 1229 3157 supra

124 3170 271 3237 demonstravi
298 3183 324 3237 in
355 3198 477 3237 errorem
500 3180 610 3237 ductum
645 3199 704 3237 esse
727 3181 884 3245 arbitreris,
909 3201 962 3258 qua
991 3184 1097 3239 tandem
1124 3186 1230 3241 ratione

126 3274 195 3336 lutum
217 3292 269 3346 est,
300 3292 331 3339 ut
348 3283 489 3338 Catilinam
517 3283 544 3337 iu
574 3291 670 3339 senatu
697 3283 871 3339 buibusdam
897 3283 1090 3341 exclamantem
1121 3286 1230 3348 iaceret,

125 3381 174 3448 quod
192 3384 239 3441 Cir.
258 3404 299 3461 pr.
324 3385 390 3440 llur.
409 3391 457 3447 25,
480 3390 510 3444 at
542 3384 636 3440 Catoni
659 3403 720 3441 eum
741 3387 915 3460 respondisse
940 3394 1056 3443 testatus
1078 3390 1155 3442 erat?
1199 3387 1232 3442 Et

125 3480 180 3550 psile
199 3485 258 3544 illud
284 3487 405 3547 ridetur,
431 3487 503 3559 qaod
527 3486 556 3541 tl.
580 3483 720 3550 llauliunr.
751 3506 830 3562 «parem
856 3488 966 3544 Romam
985 3488 1090 3544 venisse
1114 3507 1147 3545 ne
1167 3507 1232 3545 eon·

125 3597 268 3645 memorasset
291 3589 407 3662 quidem,
431 3587 464 3643 ab
485 3587 598 3643 Catilina
622 3587 648 3643 in
671 3588 805 3645 Etruriam
829 3590 1006 3663 praemissum
1021 3608 1081 3646 esse
1104 3574 1254 3646 tradatitt'

124 3680 186 3748 lbere
207 3710 264 3747 cunr
287 3691 354 3746 satis
380 3689 516 3762 adpareat,
540 3688 706 3751 Sallustium.
730 3691 811 3747 inodo
832 3691 991 3765 diligentias
1014 3692 1152 3748 Ciceronis
1174 3709 1233 3746 ora·

124 3786 195 3853 tritura,
221 3793 318 3868 quibus
343 3791 384 3847 uti
412 3799 487 3847 certe
512 3790 616 3866 potuit,
645 3800 833 3867 perscrutatas
856 3803 937 3855 osset,
963 3794 996 3849 de
1018 3793 1147 3849 Catilinae
1169 3811 1233 3849 eon·

124 3885 228 3951 imatione
252 3895 358 3951 veriora
387 3912 425 3950 ac.
439 3893 557 3950 certiora
585 3892 757 3967 prolaturum
779 3895 878 3957 luisse,
904 3913 959 3951 uon
982 3904 1035 3950 tam
1055 3913 1146 3951 rerunt
1169 3895 1234 3951 scri·

122 3995 187 4059 pbris
212 3997 300 4053 officio
326 3996 403 4069 iungi
428 3994 551 4052 voluisse
577 4013 656 4069 quam
685 3995 736 4052 alia
763 3996 876 4053 consilia
904 4005 1014 4053 secutas
1034 3998 1140 4053 ridetur
1165 4014 1233 4052 esse.

122 4090 174 4155 illie
192 4098 264 4170 plaua
288 4100 385 4156 iecisse
408 4099 472 4154 mibi
493 4098 586 4155 videor
604 4099 669 4155 diss.
692 4099 797 4155 Grirnae
823 4105 889 4159 1856
911 4099 996 4155 edita:
1025 4117 1080 4171 qtae
1109 4105 1235 4170 ternpore

121 4210 207 4266 auoque
228 4203 344 4257 consilio
368 4201 523 4256 Sallustius
547 4201 697 4257 Catilinam
715 4203 866 4273 scripsisse
890 4203 1031 4268 ridentur,
1054 4200 1148 4273 eisque
1166 4218 1234 4273 qum

120 4310 189 4354 trram
210 4302 356 4376 philologis
379 4302 536 4359 Germaniae
559 4303 750 4376 Stattgartiam
773 4303 948 4375 congregatis
970 4303 1064 4358 eodem
1087 4317 1158 4355 anno
1180 4300 1234 4355 dis·

120 4400 183 4454 “fli-
219 4404 331 4472 Quodsi
348 4403 507 4463 Sallustium
525 4406 614 4463 minus
628 4403 786 4478 diligentem
809 4405 836 4460 in
857 4404 938 4478 rebus
958 4422 988 4461 ac
1007 4401 1175 4478 temporibus
1191 4420 1235 4457 er·
