2768 5010
435 381 738 427 conunuramounu
763 383 833 427 cnr.
855 384 902 426 111.
931 388 934 395 ·
1198 363 1238 426 35

166 535 293 593 Cornelius
312 538 556 612 equesllomanus
578 532 697 617 olperam
715 557 791 596 suam
810 538 949 614 pollicitus
976 547 1004 595 et
1025 555 1086 596 cum
1110 555 1142 595 eo
1162 534 1167 619 Ι
1186 539 1239 597 Lu·

164 638 213 695 cius
240 638 421 713 Vargunteius
445 650 558 698 senator
587 635 764 719 constiltuere
795 660 825 699 ea
847 650 928 700 nocte
950 640 1042 717 paullo
1062 649 1127 715 post
1147 659 1209 698 cum
1232 635 1238 723 Ι

162 741 262 797 amatis
284 741 440 799 bominibus
463 743 544 800 sicuti
566 743 712 801 salutatum
738 738 743 823 Ι
768 745 883 801 introire
911 746 944 802 ad
970 744 1127 802 Ciceronem
1155 762 1185 802 ac
1204 745 1238 801 de
1272 743 1275 748 ’

161 836 310 922 improvilso
333 845 407 900 domi
429 862 494 902 suae
519 846 681 921 imparatum
706 847 864 904 confodere.
889 843 894 927 Ι
919 847 1016 903 Curios
1036 846 1084 903 ubi
1106 845 1238 920 intelligit

158 954 280 1018 qtrmtum
298 939 459 1026 perilculum
472 947 580 1004 consuli
604 948 767 1024 impendeat,
792 967 909 1024 propere
932 967 982 1024 per
1000 941 1006 1028 Ι
1025 947 1145 1004 Fulviam
1164 949 1237 1006 Cice·

158 1049 213 1103 mai
233 1046 327 1105 dolum
349 1049 396 1123 qui
416 1045 572 1128 parabaltnr
593 1050 725 1108 enuntiat.
770 1051 808 1107 lta
831 1051 870 1107 illi
895 1052 973 1108 ianua
990 1050 1123 1125 prohibiti
1146 1045 1153 1126 Ι
1179 1059 1237 1107 tan·

736 1147 774 1188 ιιι.
795 1146 822 1186 ιι
837 1160 859 1200 p.
876 1149 894 1188 ι.

157 1225 207 1273 tum
227 1217 332 1274 facinus
355 1217 458 1273 trustra
487 1229 671 1296 susceperant.
696 1212 710 1300 ΙΙ
736 1223 851 1279 Postero
880 1221 925 1277 dic
946 1217 1133 1276 dissimulaudi
1156 1236 1237 1278 causa

155 1312 271 1400 baltiliaa
293 1326 341 1376 ant
356 1319 399 1376 sui
422 1320 598 1395 expurgandi,
620 1323 701 1380 sicuti
725 1319 823 1404 iurfgio
843 1322 985 1379 lacessitus
1006 1322 1087 1383 foret,
1113 1321 1139 1393 in
1159 1339 1236 1377 serra·

158 1429 208 1479 tum
227 1417 318 1502 rejnit.
365 1421 432 1478 'lum
454 1422 557 1480 llarcus
576 1424 681 1481 Tobios
700 1424 797 1482 consul
817 1425 872 1482 sive
891 1419 896 1504 Ι
915 1424 1097 1499 praesentiam
1120 1423 1179 1479 eius
1203 1423 1237 1479 ti·

158 1542 228 1580 meus
242 1524 297 1579 sire
319 1523 358 1578 ira
376 1518 537 1602 comfmotus
556 1527 707 1583 orationem
726 1526 821 1583 habuit
836 1524 1000 1582 loculentam
1019 1519 1024 1601 Ι
1044 1534 1125 1599 atquc
1141 1524 1237 1581 utilem

156 1625 190 1681 rei
217 1623 351 1700 publicae,
381 1643 461 1700 quam
485 1620 588 1705 postlea
614 1630 743 1705 scriptam
765 1629 857 1685 edidit.
905 1627 958 1683 Sed
982 1626 1028 1683 nbi
1051 1626 1096 1682 ille
1117 1619 1235 1707 asseJdit,

155 1726 262 1783 tattone
286 1737 317 1783 ιιι
333 1735 392 1783 crat
413 1737 524 1803 paratus
539 1729 571 1785 ad
587 1724 787 1805 disssirnulamla
807 1731 904 1793 omnia,
924 1729 1042 1785 demisso
1058 1728 1132 1785 vultu
1148 1746 1212 1785 voce
1230 1721 1235 1808 Ι

157 1827 265 1904 supplici
287 1829 429 1903 postulare
452 1848 467 1886 a
487 1831 611 1905 patribus
633 1833 736 1908 coepit,
762 1824 768 1911 Ι
794 1850 827 1888 nc
848 1832 912 1907 quid
933 1831 966 1888 de
996 1849 1025 1886 se
1048 1838 1150 1887 temere
1177 1848 1236 1887 cre·

1076 1938 1098 1979 p.
1113 1928 1126 1967 t

156 1998 256 2055 dereat:
287 2016 318 2055 ea
340 1991 450 2078 salmilia
470 2007 576 2062 ortum,
605 2001 643 2056 ita
670 2000 703 2056 ab
730 1998 911 2057 adolescentia
937 2001 1017 2056 vitam
1037 1994 1050 2077 ΙΙ
1073 2002 1234 2063 instituisse,

157 2101 190 2154 nti
212 2100 302 2156 omnia
323 2100 393 2156 bona
416 2101 443 2156 in
466 2119 513 2175 spe
533 2095 538 2181 Ι
559 2101 686 2166 baberet;
704 2119 738 2158 nc
759 2102 946 2185 existimarent
960 2102 1020 2164 sibi,
1043 2102 1167 2183 patrilcio
1186 2103 1235 2157 ho·

158 2201 228 2263 nini,
258 2203 338 2257 euius
365 2203 451 2276 ipsius
481 2210 563 2277 atque
583 2190 726 2281 maiolruln
751 2203 867 2278 plurima
894 2201 1022 2277 beneficia
1050 2203 1077 2257 in
1103 2203 1234 2278 populum

159 2298 310 2380 triduanum
334 2312 439 2365 essent,
463 2305 568 2378 perdita
589 2305 728 2379 republica
750 2323 819 2381 opus
838 2300 842 2382 Ι
862 2321 931 2365 esse,
951 2321 1013 2360 enm
1035 2321 1092 2359 eam
1115 2311 1236 2360 servaret

159 2403 255 2460 llarcm
278 2398 405 2484 l'ulllius,
431 2405 580 2479 inquilinus
602 2406 667 2462 civis
693 2406 768 2462 urbis
789 2406 897 2463 bremae.
936 2407 976 2461 bd
996 2403 1001 2479 Ι
1021 2405 1072 2462 boc
1094 2404 1236 2462 maledicta

159 2504 281 2562 aliarum
302 2507 427 2568 adderet,
453 2502 621 2586 oblstrepere
643 2525 744 2569 omnes,
769 2508 875 2564 hostem
897 2515 978 2581 atquc
998 2499 1168 2584 purricildam
1189 2526 1235 2564 vo·

158 2624 218 2662 care.
254 2608 323 2663 Tum
340 2607 386 2663 ille
405 2607 582 2665 furibundus:
602 2606 607 2687 Ι
628 2608 759 2676 Quoniam
775 2610 882 2683 quidem
901 2610 1110 2671 circumventus,
1127 2603 1234 2689 iniquit,

159 2708 186 2762 ab
206 2708 319 2766 inimicis
338 2726 467 2785 praeceps
489 2729 564 2785 agor,
585 2704 589 2787 Ι
610 2710 762 2768 incendium
784 2729 872 2767 meeum
893 2711 971 2766 ruina
994 2711 1170 2783 restinguam.

183 2871 288 2927 Censuit
301 2870 387 2944 igitur
398 2871 518 2939 cerulei.
533 2872 658 2929 Verrore
673 2873 788 2947 quodam
806 2874 877 2929 inter
891 2873 961 2929 loll
978 2879 1006 2928 et
1021 2873 1041 2927 ll
1058 2873 1234 2929 intersertum

122 2979 181 3033 esset
198 2974 385 3029 contusionem
403 2972 475 3029 illam
504 2992 594 3030 rerum
620 2992 650 3033 ac
675 2983 828 3050 temporum
851 2983 939 3030 ortam
962 2993 993 3032 ac
1015 2992 1065 3049 per
1085 2992 1179 3030 ornnes
1202 2974 1234 3029 li-

124 3069 252 3131 brosmauu
273 3071 393 3148 sc'riptos
414 3085 593 3151 propagatam
615 3093 683 3132 esse.
728 3077 775 3132 Cui
796 3077 947 3133 sententiae
970 3077 1091 3151 rpoauivis
1112 3076 1234 3150 ntlstipu-
1298 3138 1301 3143 Δ

124 3168 159 3226 lari
173 3178 281 3252 capiam.
311 3177 412 3251 quippe
438 3195 498 3234 cum
523 3179 559 3234 ita
582 3179 715 3253 scriptor,
744 3197 823 3253 quem
852 3196 935 3234 ιιιιιιιιι
963 3178 1082 3234 omnium
1112 3195 1233 3233 nraaoorc

124 3272 192 3348 illigo,
205 3280 275 3351 gravi
299 3279 449 3353 obprobrio
473 3280 613 3344 liberetur,
633 3288 660 3336 et
679 3281 799 3355 quamvis
817 3281 962 3337 verendum
978 3280 1022 3342 sit,
1046 3296 1079 3334 ne
1095 3278 1234 3335 nonnullis

125 3381 266 3436 eonomine
290 3399 377 3455 eaque
407 3382 531 3439 libertate
555 3382 662 3456 ingeni,
692 3401 760 3457 (puae
781 3383 905 3444 criticum
929 3383 1055 3444 deceant,
1083 3398 1176 3437 carere
1199 3380 1235 3434 vi-

124 3473 177 3541 dur,
194 3488 277 3540 tamen
302 3501 371 3558 quae
394 3485 458 3540 mibi
481 3484 589 3541 obstare
612 3484 755 3541 videantur
775 3502 915 3560 exponam.

186 3582 214 3640 Ut
235 3587 319 3659 igitur
340 3586 374 3641 ab
394 3586 532 3643 codicibus
556 3587 661 3649 ordiar,
690 3587 712 3642 si
736 3586 782 3642 illa
802 3587 936 3643 sententia
957 3585 1100 3661 probetur,
1123 3601 1234 3640 necesse

124 3688 165 3743 etl,
186 3688 354 3763 arrlretypum
385 3706 417 3743 ex
440 3687 557 3761 singolis
585 3688 658 3745 loliis
682 3689 856 3762 conpositum
886 3688 984 3749 brisso,
1011 3703 1079 3759 quae
1108 3686 1178 3741 inter
1205 3702 1234 3740 se

122 3785 279 3858 conglutinata
303 3798 350 3846 aut
368 3789 420 3845 ldis
442 3798 555 3846 consuta
577 3797 678 3846 essent.
719 3789 784 3846 b'arn
808 3788 888 3845 aliter
910 3788 967 3844 lieri
990 3805 1045 3842 nou
1068 3787 1174 3861 potuit,
1204 3792 1235 3841 ut

123 3899 185 3944 utun
203 3891 293 3948 lolium
315 3891 385 3946 salso
411 3890 470 3948 loco
500 3891 685 3951 insereretur,
716 3892 768 3947 uisi
797 3890 913 3946 alterum
936 3889 1016 3945 simol
1040 3888 1129 3946 locum
1156 3905 1234 3943 suurn

120 4000 272 4049 conobro.
320 3993 389 4049 Num
419 3994 674 4051 vetustissumormn
706 3993 829 4050 codicum
854 3999 1014 4049 constanter
1035 4008 1081 4046 xen
1113 3988 1234 4046 conditio

120 4086 183 4147 luerit
208 4102 236 4150 ut
260 4095 431 4159 discernant,
461 4096 500 4152 eis
523 4096 668 4171 permitto,
691 4085 742 4169 ¹qui
768 4093 875 4151 illarum
898 4111 989 4149 rerum
1018 4110 1059 4147 me
1088 4091 1234 4165 peritiores

119 4201 180 4257 ΜΗ
199 4197 260 4253 milri
279 4196 389 4270 quidem
410 4198 573 4271 praesertim
588 4197 616 4252 in
633 4207 687 4254 tam
709 4197 811 4252 orinaata
834 4196 928 4258 lorma,
952 4191 1058 4267 qualern
1082 4192 1155 4248 illius
1173 4189 1235 4246 libri

118 4290 183 4351 luisse
202 4293 372 4355 statuendum
395 4299 439 4361 sit,
464 4300 489 4354 id
512 4300 566 4353 reri
589 4299 677 4356 simile
696 4317 751 4355 non
773 4298 886 4353 videtur.

182 4399 276 4459 lleinde
304 4402 327 4457 si
350 4400 384 4456 ab
406 4402 501 4459 eodem
523 4401 684 4476 archetypo,
712 4401 760 4476 qui
788 4401 814 4454 in
840 4415 936 4456 caussa
964 4396 1045 4452 buius
1066 4393 1236 4451 confusionis

989 4493 1035 4554 3*
