2768 5010
198 340 238 402 42
447 362 467 391 ·
543 357 848 404 connnurnrronun
865 361 938 405 esa.
954 363 1002 406 nr.

196 515 337 591 plorandis
365 514 449 572 inisse
473 530 633 572 concessum
659 514 755 577 luerit,
784 517 864 573 etiarn
892 516 988 585 illurn,
1013 519 1047 575 de
1071 536 1125 593 quo
1148 519 1174 575 b.
1198 518 1217 574 l.
1239 521 1339 594 agitur,

167 620 172 631 '
197 636 318 674 errorem
342 618 367 674 ei
390 616 618 678 condonabimus,
647 619 728 675 modo
750 617 839 693 aliqua
861 620 967 677 ratione
994 639 1056 678 eum
1085 639 1141 678 non
1170 630 1273 679 temere
1298 631 1340 680 set

198 728 275 777 certo
298 722 415 795 quodam
439 720 555 777 consilio
583 719 672 793 egisse
702 722 869 779 ostendatur.
913 720 981 790 Quid
1011 725 1118 780 antem?
1160 723 1258 781 Nonne
1284 725 1339 800 pri·

197 841 269 880 rnurn
292 841 347 879 nno
371 831 466 880 tenore
494 829 544 885 eti,
570 831 582 881 t
613 840 700 897 nsque
729 824 762 880 ad
785 830 832 888 28,
847 802 876 885 ι3
902 826 943 880 itu
961 826 1002 880 ilb'
1028 827 1064 882 ab
1088 828 1178 883 ianua
1201 826 1341 899 prohibiti

112 938 120 949 ⁸
197 931 306 982 tantum
324 925 443 997 secianus
456 922 575 997 frustra
595 931 794 996 susceperant,
816 934 986 990 enarrantur,
1007 944 1075 1002 qnae
1097 927 1211 984 Catilina
1235 928 1296 1004 ipse
1312 928 1339 984 in

197 1027 263 1084 urbe
288 1028 416 1093 instituit,
441 1028 557 1102 pararit,
582 1027 657 1083 lecit?
699 1026 765 1082 Tum
788 1029 907 1104 scriptor
929 1030 1130 1103 transgreditur
1150 1029 1183 1085 ad
1205 1047 1247 1093 ea.
1269 1046 1338 1105 quae

195 1130 309 1188 llanlius
328 1133 431 1188 interea
452 1129 536 1203 (qnod
557 1127 714 1185 vocabuhnn
733 1132 909 1204 premendum
928 1149 988 1189 esse
1011 1149 1089 1189 neura
1111 1149 1167 1189 non
1189 1130 1338 1206 intellegit)

195 1233 224 1289 in
245 1231 352 1290 Etruria
374 1233 449 1293 lecit.
475 1249 597 1306 quaeque
616 1231 651 1288 ob
670 1248 702 1287 ea
724 1241 834 1289 senatus
853 1234 985 1298 decrerit;
1008 1242 1150 1309 postremo
1169 1242 1214 1297 31,
1234 1239 1252 1293 t
1271 1233 1338 1290 satis

195 1335 336 1409 eleganter
357 1345 437 1408 atque
460 1333 605 1391 artihciose
630 1333 747 1390 transitu
769 1334 821 1391 sibi
843 1343 939 1410 pamto
962 1353 1057 1392 rursus
1077 1336 1109 1392 ad
1130 1334 1273 1393 Catilinam
1296 1352 1338 1391 re·

196 1436 328 1500 vortitur,
351 1445 432 1511 atquc
454 1437 552 1510 quilnrs
576 1435 658 1492 rebus
679 1445 820 1510 permotus
841 1438 878 1494 sit
897 1447 928 1494 nt
949 1438 983 1494 ad
1004 1437 1130 1494 blanlinm
1152 1437 1338 1512 proficiscere·

196 1547 242 1594 tnr
262 1547 378 1595 enarrat.
421 1539 449 1595 ln
472 1538 570 1613 quibus
589 1555 679 1595 nonne
701 1539 846 1614 dispositio
863 1540 993 1613 quaedam
1015 1557 1046 1596 ac
1064 1539 1218 1603 consilium,
1239 1557 1273 1596 eo
1291 1538 1336 1612 qui

195 1640 336 1697 rhetorum
360 1640 461 1698 scholis
483 1641 626 1696 institutus
650 1640 732 1697 luerit
754 1659 808 1698 non
831 1642 980 1716 iudignum,
1001 1640 1234 1716 deprehemlitnr‘l

280 1742 313 1799 Ut
333 1742 385 1798 iarn
403 1761 483 1817 quarn
500 1743 667 1816 argumentis
685 1743 810 1800 omnibus
825 1743 1029 1820 circumspectis
1049 1743 1259 1817 rationibusque
1273 1743 1336 1799 suh·

194 1845 284 1901 ductis
312 1862 441 1901 summanr
467 1844 575 1901 iecerint
599 1846 796 1918 cogitationum
818 1845 937 1903 omniurn
959 1863 1088 1908 mearum,
1114 1845 1233 1901 breviter
1255 1862 1336 1920 expo·

194 1964 263 2012 nam,
288 1966 349 2004 cum
371 1948 522 2004 sententiae
550 1946 583 2003 ab
604 1946 721 2003 Linhero
751 1957 778 2004 et
801 1949 908 2005 Ottema
927 1949 1014 2005 diotae
1035 1947 1069 2003 ab
1092 1945 1170 2003 libris
1190 1964 1247 2003 non
1269 1944 1336 2003 nihil

196 2048 306 2107 obstare
328 2050 478 2112 videretur,
502 2067 590 2123 neque
613 2049 717 2105 nullum
739 2067 771 2105 ex
790 2049 851 2105 aliis
872 2049 1052 2125 scriptoribus
1080 2056 1272 2122 argumentum
1291 2047 1336 2104 ad·

193 2150 277 2208 latum
299 2161 387 2213 esset,
417 2168 471 2226 quo
494 2150 604 2207 Sallusti
626 2150 747 2208 libellum
773 2151 924 2225 antiquitus
945 2169 979 2208 eo
1000 2149 1065 2206 vitio
1086 2148 1257 2224 inquinatum
1281 2166 1335 2206 non

194 2253 278 2310 luisse
296 2254 473 2315 evinceretur,
487 2260 627 2328 postremo
641 2252 794 2315 consilium,
814 2270 867 2326 qno
883 2272 927 2309 res
943 2253 1104 2312 ordinasset,
1124 2268 1179 2307 non
1193 2251 1334 2326 indignum

193 2373 253 2413 esse
276 2357 425 2431 scriptore,
448 2356 494 2430 qni
517 2363 612 2412 ornate
639 2372 717 2427 quarn
736 2355 853 2411 tenuiter
875 2352 1012 2411 annalium
1034 2354 1061 2409 in
1084 2353 1192 2409 modum
1214 2353 1334 2410 scribere

119 2473 126 2486 “
192 2456 293 2519 mallet,
315 2458 472 2531 adpareret,
503 2456 636 2514 librorum
657 2456 735 2514 halem
759 2457 851 2531 potins
873 2457 1052 2530 sequendam,
1085 2472 1164 2528 quam
1188 2454 1335 2529 quidquam

192 2558 343 2615 norandmn
364 2576 424 2615 esse
439 2559 541 2614 censui.

278 2658 365 2715 hlium
383 2659 472 2716 locum
492 2660 547 2715 Cat.
568 2668 616 2722 51,
639 2667 673 2720 39
696 2659 910 2734 transpositione
932 2658 1126 2714 emendandum
1147 2675 1208 2713 esse
1228 2657 1335 2714 censuit

192 2761 331 2817 lloderlein
353 2760 450 2817 Philol.
472 2760 504 2816 lx
526 2781 552 2837 p.
573 2767 624 2822 579
643 2779 683 2834 sq.
722 2762 786 2817 Cum
809 2761 879 2817 enirn
905 2777 957 2833 ego
976 2761 1029 2815 iam
1051 2768 1129 2815 antea
1150 2760 1342 2815 demonstras·'

193 2880 258 2924 sem,
284 2862 392 2935 quantis
413 2862 630 2919 dubitationibus
654 2862 799 2920 obnoxium
819 2869 905 2923 esset,
937 2861 1009 2935 qnod
1038 2869 1133 2917 orator
1157 2861 1214 2917 sire
1236 2861 1334 2917 Caesar

192 2964 248 3020 sinc
274 2963 420 3020 Sallustius
450 2941 552 3020 moreni
582 2963 740 3019 verberibus
770 2964 797 3019 in
825 2963 890 3020 civis
902 2962 1145 3019 animadvertendi
1168 2961 1202 3018 ab
1225 2960 1334 3018 Graecis

192 3075 331 3141 acceptum
351 3083 411 3123 esse
433 3066 544 3128 diceret,
566 3083 680 3138 enrnque
697 3065 778 3121 simul
796 3062 991 3122 sententiarum
1009 3081 1147 3121 connexus
1169 3063 1270 3121 rationi
1292 3078 1333 3119 re·

192 3185 313 3243 pugnare
336 3168 360 3224 ei
384 3168 534 3228 ricleretnr,
564 3168 601 3222 ita
624 3166 695 3223 hunc
717 3166 806 3223 locum
830 3165 1003 3221 scribundum
1025 3183 1086 3222 esse
1105 3165 1260 3239 praecepit:
1287 3163 1336 3219 Set

191 3271 287 3324 eodem
301 3270 347 3325 illo
363 3275 490 3339 tempore
509 3269 675 3323 verberibus
689 3268 956 3324 animadvortebant
970 3270 1000 3322 in
1015 3268 1092 3335 cinis,
1111 3268 1146 3321 de
1160 3267 1333 3323 condemna-

191 3373 227 3427 tis
252 3386 392 3425 summum
421 3370 589 3439 saabptr'cr'nm
615 3370 771 3426 sumebant.
811 3370 967 3440 Postquam
997 3384 1045 3424 res
1072 3368 1188 3439 publica
1212 3369 1336 3424 adolevit

190 3480 218 3528 et
234 3473 411 3528 multitudine
435 3471 538 3526 civitam
559 3469 703 3542 factiones
720 3472 846 3537 varenae,
867 3471 1071 3527 circumveniri
1083 3472 1258 3537 innocentes,
1275 3470 1334 3525 otia

190 3574 402 3630 huiuscemodi
420 3573 488 3644 fieri
508 3587 638 3643 coepere,
665 3579 723 3627 tem
745 3573 925 3628 Graeciae
946 3587 1075 3629 oaorem
1104 3572 1256 3639 imitati,
1282 3571 1334 3626 lex

189 3677 296 3734 Porcio
316 3677 446 3748 aliaeque
468 3676 544 3747 leges
564 3660 689 3747 palatae
709 3681 784 3741 siant,
810 3672 913 3746 quibes
928 3676 1035 3747 legibus
1051 3675 1169 3729 amilium
1185 3674 1334 3729 damnetis

186 3781 361 3851 permissum
383 3785 433 3835 est.
482 3776 538 3845 Qua
560 3777 669 3834 ratione
687 3786 761 3834 certe
783 3795 885 3832 smnrna
906 3795 936 3834 ac
954 3777 1120 3851 gravissurna
1138 3774 1276 3831 dubitatio
1291 3790 1334 3831 rc·

191 3891 328 3943 moretur,
353 3899 413 3938 curn
432 3880 521 3954 aliqua
543 3898 604 3937 curn
625 3881 681 3935 reri
696 3880 786 3954 specie
806 3878 868 3935 exili
888 3877 1065 3954 permittnndi
1082 3895 1184 3933 morem
1203 3876 1237 3933 ah
1250 3876 1333 3934 Athe·

190 3983 330 4040 niensibns
354 3990 491 4057 smnpturn
514 4000 574 4039 esse
595 3982 722 4038 contendi
746 3982 868 4056 potuisse
893 3981 933 4036 vir
954 3998 1075 4037 snununs
1097 3978 1248 4035 ostenderit
1270 3976 1333 4035 coll.

189 4085 325 4142 Derrnnth.
349 4084 480 4141 Aristocr.
499 4090 533 4145 69
562 4104 588 4160 p.
613 4091 665 4146 643
694 4085 751 4140 init.
804 4084 851 4139 Set
876 4091 1043 4139 tamencum
1071 4080 1116 4136 ille
1135 4098 1195 4137 anos
1218 4079 1334 4137 Athenis

190 4186 336 4261 singularis
360 4185 442 4242 luerit
464 4203 552 4261 nerpre
573 4188 601 4241 in
625 4187 750 4242 omnibus
773 4185 878 4241 indiciis
896 4182 1058 4258 capitalibus
1077 4179 1199 4243 valuerit,
1217 4199 1335 4257 eumque

191 4288 262 4344 illurn
275 4288 452 4344 rnntationem
471 4286 561 4360 lognrn
581 4307 641 4344 curn
658 4287 776 4349 rahonis,
798 4305 866 4361 aquae
889 4286 916 4341 in
940 4286 997 4341 iure
1014 4286 1113 4341 llnnrae
1133 4283 1229 4359 populi
1251 4282 1335 4340 liber·

159 4397 246 4466 ‘tate
270 4388 441 4446 adolescente
470 4396 567 4446 novata
594 4390 663 4451 sint,
694 4407 848 4463 congruere
874 4406 905 4445 ac
931 4388 1077 4446 convenire
1105 4385 1337 4443 demonstraverit
