2768 5010
142 349 184 414 72
270 373 276 388 ·
444 370 669 416 nrsronmarn
692 372 755 416 nra.
779 373 818 414 111
839 338 918 420 36?
930 365 974 421 38.

145 525 292 586 acciperent
310 520 477 586 contexisse,
498 525 591 575 exeis
610 538 681 588 qnae
701 523 812 575 Servius
830 526 935 575 monuit
953 525 1015 575 luce
1034 523 1137 576 elarius
1155 528 1207 575 est.
1237 523 1288 576 Co

144 598 234 641 terum
256 590 367 640 Keilius
385 578 607 642 thensauraram'
599 609 628 641 ιιι
652 591 731 642 libris
750 592 871 642 Charisii
894 593 1027 643 videtur
1020 594 1168 642 rnvenisse.
1206 593 1287 642 Deni-

146 674 198 723 que
212 673 273 708 cum
286 658 440 719 Lucullum,
459 667 603 724 postquam
623 676 736 724 regnum
754 661 924 710 Ponticum'
917 676 1057 726 ingressus
1076 666 1133 720 est,
1151 659 1289 710 dimisisse

146 726 192 791 qui
210 726 300 791 sparsi
314 727 441 790 regiones
454 726 652 792 popularentur
665 733 693 777 et
705 727 823 777 castella
837 728 1037 792 obpugnarent,
1058 732 1167 781 constet
1184 728 1288 788 (Drum-

146 795 228 858 IVp
244 792 311 853 134),
332 809 380 843 eur
398 794 517 843 Charisii
536 794 595 844 cod.
615 795 694 844 fidem
713 801 848 860 negantes
872 795 943 845 haec
960 801 1056 859 quarto
1074 795 1144 845 lihro
1164 796 1290 860 adsigne-

147 877 215 922 mus,
235 877 361 911 caussam
374 862 500 912 idoneam
514 877 568 911 non
586 863 677 927 rideo,
697 864 862 928 praesertim
881 879 942 912 cum
961 863 1002 912 a't.
1017 864 1074 913 1111
1087 863 1288 913 distortarronin

148 929 190 980 ed.
209 930 348 979 Lieniana
367 930 445 978 Servi
463 929 562 979 desint.

233 1047 274 1109 36
298 1048 358 1129 [Κι.
375 1056 416 1105 ιι.
441 1047 545 1130 (1.60]Ι
582 1049 714 1121 Quarum
736 1067 825 1109 unam
845 1049 1000 1129 epistulam
1024 1050 1098 1110 torte
1122 1067 1189 1111 curn
1205 1045 1290 1110 s'erro

148 1152 246 1212 naneti
269 1149 461 1227 praedatores
483 1148 628 1211 Valeriani
650 1152 806 1228 scorpione
829 1153 858 1211 iu
882 1159 976 1212 eastra
1001 1153 1115 1212 misere.

234 1269 302 1317 Non.
322 1285 348 1333 p.
369 1266 432 1318 380:
455 1272 558 1332 scorpio
578 1274 615 1317 cst
632 1285 712 1333 penas
729 1273 785 1325 teli
809 1270 857 1319 ubi
880 1267 945 1319 libri
968 1270 1099 1320 exhibent
1115 1286 1166 1318 aaa
1183 1271 1291 1334 epistula

150 1343 179 1386 et
196 1343 368 1400 scorpionem,
388 1351 459 1400 quae
477 1336 633 1385 iamdudum
650 1337 747 1386 Iunius
765 1338 931 1387 emendarit.
967 1340 1101 1388 Valeriani
1112 1338 1177 1401 quin
1190 1339 1292 1387 fuerint

150 1404 252 1454 milites
271 1404 302 1451 L.
321 1403 416 1452 Valeri
435 1402 546 1463 Flacci,
568 1404 613 1467 qui
631 1404 701 1454 duce
721 1405 755 1453 ab
774 1406 896 1455 himbria
916 1407 1064 1455 interfecto
1082 1409 1181 1474 postea
1199 1404 1291 1454 Sullae

151 1487 181 1521 se
199 1470 330 1520 dedidere
349 1472 402 1518 ιι
394 1487 423 1519 ιιι
442 1441 552 1520 Luculli
571 1472 694 1520 exercitu
712 1473 853 1537 stipendia
872 1489 1005 1533 meruere,
1024 1474 1071 1522 vix
1083 1460 1206 1521 dubitari
1218 1472 1291 1522 vide·

99 1562 101 1566 v
151 1547 293 1602 turpasse
313 1538 377 1597 (vid.
398 1538 430 1586 fr.
450 1539 475 1587 11
494 1536 535 1587 at.
560 1540 655 1588 Drum.
674 1540 757 1604 IVp.
780 1539 847 1601 127).
883 1541 936 1601 Qui
956 1556 1017 1590 cum
1036 1539 1192 1620 epistulam
1213 1554 1291 1604 quam

152 1607 225 1671 apud
243 1620 350 1654 ιιιιιιιιι
370 1610 481 1686 captum
499 1607 675 1667 invenerant,
700 1609 844 1671 scorpione
867 1608 896 1656 in
919 1613 1012 1656 castra
1030 1608 1137 1656 misisse
1156 1607 1291 1666 dicuntur,

151 1688 205 1722 non
223 1680 338 1737 possnut
355 1673 409 1721 nisi
427 1672 554 1731 hostium,
575 1690 641 1739 ergo
659 1645 826 1725 Mithridatis
846 1681 939 1724 castra
958 1675 1083 1739 cogitari.
1115 1674 1182 1723 (um
1202 1680 1292 1723 autem

153 1740 275 1807 epistula
293 1741 495 1805 interceptam
513 1741 631 1790 hostium
651 1748 744 1791 eastra
763 1743 892 1802 mittitur,
918 1743 1022 1808 duplici
1046 1741 1159 1792 consilio
1183 1742 1212 1790 id
1236 1741 1293 1791 fieri

152 1812 257 1874 potest,
278 1813 325 1857 aut
343 1813 374 1856 ut
390 1807 485 1857 hostes
503 1808 537 1857 de
556 1809 712 1873 proditione
727 1810 910 1869 edoceantur
931 1817 978 1859 aut
995 1814 1026 1858 ut
1044 1809 1162 1859 consilia
1180 1823 1230 1858 sua
1249 1826 1292 1857 co·

122 1889 124 1898 ’
153 1876 232 1940 gnita
251 1881 280 1924 et
299 1877 432 1925 frustrata
456 1891 517 1925 esse
537 1876 708 1941 conperient.
745 1877 823 1938 Quod
842 1878 865 1925 si
884 1877 1027 1926 Valeriani
1051 1877 1092 1926 illi
1112 1876 1258 1943 epistulam
1278 1890 1294 1923 a

153 1944 290 2010 proditore
311 1943 345 1992 ad
366 1944 549 2008 inperatorem
568 1959 645 1993 suum
663 1944 774 1993 missam
793 1946 937 2010 scorpione
956 1946 984 1993 in
1003 1945 1121 1994 hostium
1140 1949 1235 1993 castra
1253 1959 1292 1992 re·

154 2012 307 2073 misissent,
333 2012 386 2076 ipsi
410 2011 508 2076 perfidi
531 2011 656 2061 tuissent.
694 2011 722 2061 si
748 2012 782 2062 ad
807 2013 990 2077 inperatorem
1013 2011 1191 2069 detulissent,
1219 2016 1294 2061 certa

155 2080 280 2144 praemia
299 2079 483 2143 accepissent,
504 2093 574 2143 quae
594 2081 629 2128 ab
647 2078 772 2129 hostibus
790 2080 813 2128 si
832 2095 932 2144 capere
951 2080 1115 2140 voluissent,
1140 2079 1197 2129 alia
1224 2079 1294 2127 ratio

156 2147 284 2196 mittundi
308 2146 427 2195 ineunda
453 2147 513 2195 init.
556 2147 617 2206 era
635 2161 664 2195 re
689 2146 757 2195 mihi
774 2148 833 2196 reri
851 2147 985 2196 dissimile
1004 2148 1125 2207 videtur,
1152 2147 1224 2210 quod
1249 2161 1294 2194 au·

156 2219 231 2263 ιιοιι
250 2215 400 2264 Debrossio
414 2213 577 2264 Gerlachius
597 2215 714 2276 censuit,
733 2213 807 2264 hane
825 2231 883 2263 rem
902 2215 1006 2264 iactam
1025 2229 1095 2276 esse,
1116 2229 1177 2262 eum
1190 2215 1223 2262 L.
1238 2214 1294 2261 Ma-

156 2282 217 2347 gius
230 2281 334 2346 perfida
345 2283 374 2330 in
386 2281 575 2330 Mithridatem
590 2281 707 2330 consilia
719 2281 923 2346 iniissetldpp.
935 2282 961 2331 h.
975 2281 1012 2330 Μ.
1029 2282 1062 2329 72
1074 2298 1099 2347 p.
1112 2280 1181 2343 381).
1202 2280 1295 2329 'Credo

156 2349 246 2415 potius
265 2347 413 2413 epistulam
432 2348 467 2397 ab
486 2347 648 2398 Mithridate
667 2348 775 2404 datam.
801 2365 854 2413 qua
872 2350 918 2399 uel
937 2349 1042 2398 auxilia
1060 2349 1105 2398 rel
1124 2356 1295 2398 conmeatum

65 2437 69 2445 ·
158 2416 193 2466 ad
211 2432 241 2465 se
261 2416 361 2465 adduci
384 2415 525 2477 iussisset,
551 2416 732 2480 interceptam
755 2418 784 2465 in
808 2417 867 2466 eius
891 2420 984 2466 castra
1007 2417 1119 2466 missam
1143 2431 1220 2479 esse,
1246 2431 1296 2480 quo

157 2485 244 2533 omuis
269 2484 328 2532 eius
352 2498 415 2548 spes
439 2483 527 2532 falsas
551 2498 612 2532 csse
636 2492 801 2533 moneretur.
844 2483 921 2545 Quod
940 2483 1105 2533 Valerianos
1129 2484 1239 2547 quidem
1258 2484 1296 2532 iu·

156 2551 239 2600 beuta
259 2551 312 2667 velb
322 2549 493 2665 ctonpedeute
512 2549 627 2600 Lucullo
651 2551 752 2600 iecisse
776 2567 829 2616 quo
847 2552 936 2602 minus
954 2557 1122 2612 statuamus,
1147 2550 1233 2601 rerba
1251 2566 1299 2616 per

157 2633 187 2667 se
205 2635 259 2668 non
278 2635 293 2667 c
315 2632 398 2667 san.

243 2736 283 2795 37
307 2735 373 2816 [llr.
392 2741 434 2792 39.
465 2739 495 2794 G.
511 2735 573 2815 48].
626 2739 661 2797 at
684 2737 795 2815 Oppius
819 2744 974 2816 postquam
1003 2755 1091 2796 orans
1117 2737 1189 2797 nihil
1211 2736 1300 2814 prod-

158 2837 271 2904 ciebat,
301 2836 400 2896 linride
429 2844 507 2896 reste
534 2844 643 2898 tectum
669 2840 828 2917 pugionem
857 2838 996 2916 expedire
1022 2845 1144 2899 coriatus
1172 2858 1188 2898 a
1218 2838 1302 2898 Cotta

159 2936 333 3016 Vulscieque
354 2938 510 3015 inpeditur.

244 3056 313 3106 Non.
332 3072 358 3121 p.
377 3054 426 3106 381
452 3058 528 3122 papio
552 3063 591 3106 est
612 3059 713 3123 pladtas
731 3056 826 3115 danais,
851 3056 899 3106 ubi
922 3071 978 3107 una
1000 3058 1123 3108 varietas
1148 3057 1182 3106 ab
1201 3056 1302 3106 Rothio

160 3123 293 3174 adnotata
317 3128 373 3173 est:
401 3125 538 3190 Volscoque
556 3126 606 3174 Lm
627 3125 649 3174 l.
686 3127 726 3174 lle
751 3141 780 3174 ro
805 3125 873 3174 satis
898 3131 940 3173 est
964 3125 1083 3175 lectores
1108 3125 1142 3173 ad
1167 3126 1260 3173 Drum.
1280 3125 1304 3173 V

142 3209 185 3256 ιιι.
209 3189 259 3241 343
282 3198 310 3240 et
333 3191 390 3241 Cic.
416 3192 448 3241 ir.
474 3191 546 3256 apud
571 3193 685 3253 Quintil.
710 3193 733 3241 V
758 3191 802 3250 10,
826 3191 860 3241 et}
884 3193 950 3255 (cfr.
974 3187 1025 3258 Op.
1052 3191 1095 3243 ed.
1115 3191 1199 3242 Orell.
1225 3193 1264 3242 IV
1287 3190 1304 3239 2

159 3276 185 3326 p.
204 3259 265 3322 tlt)
284 3257 423 3309 remittere
443 3260 496 3321 (set
513 3261 576 3310 vide
596 3260 703 3324 a‹138).
857 3273 861 3280 ·

245 3377 309 3439 *38
335 3377 394 3458 [llr.
414 3386 455 3435 40.
476 3382 505 3437 d.
522 3377 579 3460 49].
625 3379 663 3439 Se
687 3381 748 3440 eius
770 3397 859 3456 opera
880 3397 938 3438 ιιοιι
964 3397 1087 3439 usurum
1117 3397 1244 3457 eruntque
1268 3377 1304 3437 ab

160 3483 249 3542 aruris
274 3481 397 3541 dimittit.

245 3599 321 3650 Serv.
343 3598 376 3648 ad
395 3599 476 3664 Verg.
496 3597 527 3647 Α.
547 3599 601 3648 XII
618 3598 681 3648 844:
707 3601 848 3648 ‘Dimittere
867 3598 898 3648 ab
917 3600 1021 3647 arrais':
1038 3614 1089 3662 per
1106 3599 1238 3647 transitum
1259 3595 1306 3661 [an

160 3664 388 3732 manslatioaenrt]
413 3667 537 3716 historiae
555 3682 614 3716 acres
632 3673 670 3716 est
688 3667 779 3719 cerdis.
817 3668 881 3716 Nara
899 3669 942 3731 qai
959 3666 991 3715 ad
1009 3667 1125 3716 exercita
1143 3670 1304 3721 calcearetur,

162 3736 193 3785 ab
212 3739 289 3784 arinis
306 3736 425 3783 <licuntur
442 3735 542 3783 dtmittt'.
579 3734 713 3784 Sallustius
731 3737 763 3784 de
781 3735 869 3799 Appio
889 3732 930 3799 [R.
944 3736 1012 3798 opio,
1030 3734 1095 3782 Vos.
1114 3734 1201 3797 opido.
1232 3733 1306 3793 Quin

163 3804 245 3867 Oppio
264 3802 459 3866 corrigendum
478 3802 526 3862 sit,
552 3803 663 3852 dubium
681 3817 736 3852 non
754 3801 825 3866 estl,
849 3801 893 3851 adt
914 3818 967 3851 erem
994 3803 1067 3851 Cotta
1089 3802 1115 3849 ιἰι
1139 3805 1256 3850 contione
1275 3800 1307 3849 ab

162 3875 279 3921 exercitu
297 3872 363 3934 cepit
382 3870 534 3925 abscedere,
558 3872 620 3920 dicit
645 3886 673 3920 se
693 3871 752 3920 eius
771 3885 856 3950 opera
873 3884 927 3919 non
945 3884 1055 3918 usurum
1075 3883 1189 3932 eumque
1210 3867 1244 3917 ah
1264 3881 1306 3917 ar·

163 3939 214 3988 mis
232 3938 352 3987 dimittit
383 3938 437 3986 Aut
449 3938 560 3987 Servius
573 3937 659 3987 verba
677 3938 819 4003 scriptoris
832 3952 927 4002 parum
945 3937 1095 4000 diligenter
1112 3935 1227 3994 rettulit,
1249 3940 1306 3994 sert,

164 4007 190 4055 id
209 4006 280 4071 quod
298 4005 364 4053 mihi
383 4006 490 4070 quidem
503 4007 562 4054 reri
576 4005 690 4054 similius
703 4005 820 4066 videtur,
839 4005 875 4054 M.
889 4004 1017 4054 Aurelius
1031 4003 1133 4052 Cotta
1127 4019 1155 4051 ιιι
1168 4003 1306 4058 contione,

165 4075 294 4138 quoniam
313 4073 507 4122 diffideretP.
521 4073 624 4139 Oppio,
645 4089 674 4123 se
693 4073 752 4122 eius
771 4089 855 4138 opera
873 4088 927 4121 non
945 4086 1054 4120 usurum
1074 4085 1189 4134 eumque
1209 4070 1244 4119 ab
1264 4085 1306 4118 ιιι-

163 4143 215 4191 mis
234 4141 371 4190 dimittere
391 4140 592 4202 ιΙιιΙιιιιιιιιι,
612 4146 669 4190 turn
688 4141 795 4190 demum
808 4156 878 4205 quae
897 4140 930 4188 ir.
945 4138 976 4186 37
995 4143 1118 4200 narrata,
1138 4139 1215 4188 iacta
1234 4142 1306 4186 sunt.

249 4258 317 4307 Cum
330 4258 488 4308 Sallustium
507 4259 540 4309 de
559 4260 641 4308 Ponti
653 4260 753 4308 Erasini
770 4265 958 4322 terrarumque
976 4272 1037 4306 eum
1047 4256 1240 4306 adiacentium
1253 4255 1307 4303 situ

165 4333 192 4376 et
210 4333 310 4375 natura
327 4326 397 4375 libro
415 4327 457 4376 111
476 4327 634 4391 exposuisse
655 4328 739 4376 certis
757 4327 921 4376 testimoniis
941 4331 1058 4384 constet,
1077 4324 1169 4373 omnia
1188 4338 1259 4386 quae
1274 4322 1308 4371 ad

164 4409 225 4444 eam
243 4409 300 4444 rem
317 4394 457 4460 pertinent
474 4400 522 4443 aut
539 4394 668 4445 ridentur
685 4395 840 4460 pertinere,
860 4394 1010 4444 coniuncta
1028 4390 1183 4443 exhibenda
1201 4391 1307 4455 putari,
