2768 5010
115 339 155 403 64
455 358 761 407 cosussrarsonuu
783 361 856 407 cue.
879 360 922 407 rr.

115 525 226 591 ruptum
254 514 394 574 exhibent:
421 519 560 589 permittit
584 519 641 575 ictis
662 518 803 586 domines,
839 518 891 576 lroc
916 527 947 576 ut
971 518 1161 575 demonstrent
1190 515 1257 593 ipsis

116 620 156 675 cis
178 619 320 693 permitto.
344 619 389 693 qui
412 619 452 675 vel
477 621 554 677 uncis
576 620 710 677 inclusere
730 619 770 676 rcl
793 622 904 679 eiecere.
952 618 999 677 Set
1027 621 1156 694 quoniam
1186 619 1258 677 uncle

115 720 304 777 couiccuctivus
315 722 439 795 pendeat.
453 722 591 778 titum-uui
605 740 693 796 neque
706 722 763 780 ullo
777 740 901 780 connexu
912 722 1088 778 intersertum
1105 721 1257 778 memlsrum

115 839 176 879 rcm
192 854 234 864 -
250 825 433 879 mittebantur
456 823 490 879 ab
513 825 560 885 cis,
585 842 654 898 quae
677 833 838 899 sequuntur,
861 832 978 898 separat,
1001 840 1063 879 mro
1084 822 1144 879 iure
1165 821 1258 878 clelcto

114 927 254 997 perurittit
276 926 427 982 orationem
446 925 613 981 vitiosiorem
636 926 694 982 sieri
716 934 764 983 acrt
782 925 980 982 contortiurem
1002 924 1067 981 milri
1090 923 1257 981 contendere

117 1027 217 1082 uideor.
261 1028 391 1101 Superest
409 1026 486 1084 lucus
508 1027 563 1083 Cat.
580 1034 622 1090 48,
642 1034 659 1085 2
681 1030 768 1084 vetati
787 1044 827 1084 ca
847 1029 984 1084 servitute
1004 1032 1104 1098 crepta
1118 1025 1258 1097 paediam

116 1137 201 1201 atque
221 1132 358 1185 tactc'tc'ccm
381 1130 523 1201 upitulnt:
546 1144 670 1201 namque
698 1132 756 1186 alia
778 1131 844 1186 betti
860 1129 998 1201 facinora
1017 1128 1149 1200 praedae
1168 1129 1259 1200 mapa

116 1250 202 1304 qaam
222 1233 390 1287 detrimento
407 1229 483 1302 fore,
507 1233 668 1288 incendium
692 1248 758 1288 acra
781 1232 898 1289 crudete
921 1231 1132 1287 inmoderatam
1154 1246 1191 1285 ac
1206 1230 1260 1285 stoc·

116 1349 252 1389 maxume
274 1335 469 1389 ccctomitosccm
489 1335 621 1404 cantabat,
645 1336 751 1405 quippo
772 1335 822 1389 ccci
841 1349 939 1390 amires
962 1333 1061 1403 coplae
1083 1332 1112 1387 in
1136 1347 1191 1387 usn
1211 1348 1258 1388 co·

116 1439 223 1492 ticiano
251 1444 278 1491 ct
304 1437 382 1490 cuttu
405 1438 538 1506 corporis
565 1443 658 1491 crant.
702 1435 863 1492 l'arietatem
884 1435 1037 1509 scripturae
1063 1433 1086 1488 si
1107 1433 1259 1507 perlustra·

116 1538 202 1599 voris.
225 1538 297 1610 quod
322 1538 445 1607 putabat
467 1545 623 1610 suspectum
646 1536 739 1592 reddat
767 1536 834 1593 nihil
860 1536 987 1591 invenies.
1031 1534 1096 1591 llam
1119 1535 1142 1590 Τ
1163 1533 1258 1591 multis

117 1641 205 1696 modis
223 1637 424 1695 contaminatus
442 1646 470 1693 et
492 1645 636 1694 conrectus
658 1647 709 1701 est,
730 1631 793 1712 glrs¹
818 1636 959 1694 erroribus
981 1643 1095 1693 scatent.
1137 1633 1258 1703 Quodsi

117 1743 143 1797 id
166 1741 275 1796 scrlruru
296 1739 448 1801 omittitur,
470 1757 501 1794 cx
525 1739 750 1813 praecedentibus
766 1722 834 1812 forr
852 1738 1031 1814 sulptuutum
1052 1753 1114 1793 csse
1135 1737 1258 1811 adparet.

117 1843 185 1912 uuit
211 1842 318 1899 autem?
340 1859 404 1898 urim
426 1840 572 1898 Sallustius
592 1843 665 1903 dicit.
686 1840 765 1916 quale
786 1840 936 1897 incendium
960 1842 1083 1897 futurum
1103 1856 1166 1895 csse
1185 1838 1258 1913 plelii

117 1947 203 2002 visum
227 1945 277 2006 sit,
309 1960 342 1999 au
371 1943 434 2016 quid
463 1943 496 1999 dc
521 1943 645 2000 omnihus
680 1944 809 2000 incendiis
835 1942 1010 1999 iudicaverit?
1053 1942 1186 2015 Apertum
1216 1947 1259 1995 est

116 2046 222 2122 plehcru
243 2045 363 2102 clunium
387 2045 571 2102 incendiorum
590 2043 777 2101 crudelitatem
799 2052 827 2100 et
848 2044 991 2100 coementi
1014 2060 1045 2099 ac
1065 2041 1258 2116 restinguendi

117 2147 302 2206 dillicultateur
326 2148 525 2204 reloruriclassc.
569 2147 658 2214 Quare
676 2149 800 2219 putabat
820 2144 902 2202 vcrlro
922 2146 1010 2203 careri
1033 2162 1089 2201 nou
1111 2150 1217 2218 potest.

201 2252 246 2306 Set
277 2248 342 2305 illuct
373 2250 461 2324 ipsum
490 2258 571 2323 caput
600 2250 655 2304 tac
684 2256 719 2311 46
747 2258 801 2305 tam
829 2246 922 2304 multis
949 2246 1123 2321 glossematis
1152 2253 1259 2301 scatere

116 2354 164 2409 viri
187 2352 259 2408 docti
284 2352 432 2407 iudicavere
460 2361 491 2406 ut
521 2350 602 2407 veluti
632 2349 708 2406 talus
735 2350 866 2407 vitiauclac
895 2349 1027 2405 orationis
1049 2348 1174 2424 pruritus
1198 2347 1260 2421 qui·

115 2457 176 2512 clam
197 2453 323 2509 librarius
351 2452 479 2508 inuasisse
507 2452 637 2508 rideatur.
681 2455 719 2509 nc
746 2453 863 2527 Primum
892 2452 1038 2525 quiclem3
1064 2465 1119 2522 que
1139 2450 1258 2506 electu·

117 2564 167 2618 est,
191 2556 263 2629 quod
287 2555 318 2609 acl
338 2570 394 2609 rem
413 2554 592 2628 aptissumum
614 2572 682 2616 esse.
705 2555 833 2628 quioniam
855 2553 1000 2629 Caeparius
1022 2553 1048 2607 in
1071 2549 1259 2626 praecedenti·

117 2658 167 2714 lius
193 2657 348 2712 rrcrruiuatus
376 2672 430 2711 riou
453 2663 509 2718 cst,
539 2655 655 2712 crudatis
677 2655 746 2712 locis
766 2657 821 2711 tlat.
843 2664 889 2718 30.
909 2661 935 2715 't-
963 2661 1010 2718 st.
1033 2663 1059 2715 3.
1080 2660 1123 2714 53.
1151 2660 1172 2711 t·
1199 2651 1267 2725 lug?

121 2768 159 2820 to,
183 2764 199 2818 7
222 2757 349 2831 arlparct;
373 2758 515 2828 qcceccdom
537 2766 628 2813 autem
650 2759 714 2832 quiu
737 2765 811 2814 recte
827 2776 887 2815 cuui
906 2765 1020 2831 optumo
1044 2744 1113 2811 liliro
1132 2747 1165 2809 1¹¹
1181 2762 1259 2809 ante·

118 2867 243 2934 ponatur,
264 2858 289 2913 icl
308 2858 381 2931 qrcod
406 2858 587 2915 inconsultius
612 2869 691 2916 autea
715 2877 882 2933 negaveram,
906 2877 961 2915 uon
983 2858 1094 2914 dulcium
1116 2864 1168 2912 est.
1209 2855 1259 2911 l'a·
1282 2936 1290 2945 ·

117 2959 167 3015 cite
196 2960 280 3030 igitur
308 2960 487 3034 perspicitur.
517 2964 658 3032 uccericium
687 2962 722 3018 uls
748 2961 834 3017 sicuilc
861 2960 968 3016 initium
992 2960 1122 3017 omissum
1152 2955 1259 3013 etalio

117 3061 178 3116 lircu
201 3062 312 3117 iulatcuu
335 3079 409 3124 csse,
439 3063 604 3136 eancluuque
631 3081 752 3120 caussam
780 3064 862 3119 tuisse
887 3080 937 3118 rur
964 3063 991 3118 iu
1019 3059 1159 3118 nonnullis
1178 3058 1257 3115 lilaris

117 3180 172 3236 quc
192 3164 344 3221 eiiccrctur.
382 3164 492 3219 lleliorc
515 3165 573 3220 iure
592 3165 650 3235 §.4
673 3181 712 3220 ccc
732 3167 802 3221 cartae
823 3163 920 3239 expelli
943 3165 1058 3226 videtur,
1081 3163 1155 3236 quod
1180 3162 1209 3217 in
1224 3153 1259 3217 l·³

117 3268 256 3325 ouussum.
282 3266 308 3319 iu
332 3266 350 3319 ll
371 3266 587 3340 superscriptum
607 3275 657 3321 cst.
698 3268 764 3322 (lucu
784 3284 850 3322 vcro
872 3260 906 3321 1³³
929 3266 961 3322 ad
982 3267 1003 3321 ll
1024 3271 1149 3321 exaratus
1170 3262 1260 3319 videa·

118 3376 171 3430 tur.
189 3366 254 3422 nihil
273 3366 344 3422 aliud
360 3375 488 3422 testatum
506 3377 556 3429 cst.
575 3368 627 3425 nisi
646 3369 672 3425 iu
689 3386 743 3424 uuo
759 3368 852 3425 codice
869 3367 1084 3444 superscriptum
1099 3383 1169 3427 csse,
1186 3365 1259 3421 unde

117 3479 209 3526 utrucu
229 3487 282 3524 rcrc
306 3467 420 3523 siruilius
440 3470 546 3525 videtur
566 3487 660 3526 errore
679 3471 807 3526 ouussum
823 3488 891 3531 csse.
910 3487 944 3526 an
960 3469 1100 3543 quemdam
1114 3466 1258 3523 librarium

117 3572 191 3645 qrrod
224 3570 250 3625 iu
276 3571 424 3645 archetypo
455 3571 670 3646 superscriptum
699 3581 771 3627 esset
802 3572 941 3646 sapienter
967 3572 1089 3645 recipere
1114 3568 1259 3625 noluisse-l

118 3672 149 3727 Et
178 3673 298 3746 quacuris
326 3690 380 3728 uuu
410 3673 598 3728 rrcrecssurium'
620 3673 686 3728 illuct
715 3692 774 3729 esse
802 3674 947 3730 concedam
974 3672 1039 3745 (clr.
1061 3672 1118 3746 lug·
1142 3676 1192 3731 54.
1218 3678 1259 3730 to

117 3781 159 3835 67.
175 3783 200 3835 3.
224 3781 266 3835 69.
284 3781 309 3833 4.
330 3782 386 3837 106.
403 3774 438 3847 2).
459 3783 546 3830 tanuen
567 3792 621 3830 uun
644 3775 734 3832 suiuus
757 3784 830 3832 recte
853 3775 987 3832 aclicctcuu
1008 3772 1154 3836 contendo,
1178 3788 1260 3847 quam

117 3893 156 3932 ca
175 3877 279 3948 oppidu
300 3876 357 3950 lug.
378 3882 421 3937 76.
445 3885 466 3935 1.
505 3876 604 3931 Contra
628 3877 697 3933 iutra
723 3878 750 3947 8.
769 3888 785 3939 5
807 3881 837 3933 in
855 3885 995 3945 senatum,
1020 3874 1141 3951 qrramvis
1164 3891 1260 3931 umcms

117 3977 179 4033 libri
202 3987 319 4039 tenuant,
341 3978 375 4034 ab
400 3977 529 4033 Sallustio
553 3980 683 4052 scriptum
707 3997 767 4034 csse
790 3956 855 4035 milri
878 3979 1041 4054 persuadere
1062 3995 1118 4034 uon
1135 3994 1259 4051 possum.

118 4079 182 4135 llam
205 4081 226 4134 si
235 4098 306 4136 ccum
329 4079 472 4135 Gerlaclriu
495 4090 523 4135 et
544 4079 641 4135 l'aluiu
662 4098 774 4137 censeas
798 4080 954 4136 Sallustium
979 4081 1067 4154 primo
1090 4078 1159 4135 nihil
1184 4076 1259 4135 alirrd

117 4183 253 4253 cogitasse
276 4200 356 4256 quam
376 4181 519 4238 Lcutuluur
542 4181 575 4237 alc
590 4183 719 4237 Cicerone
742 4183 802 4255 ipso
821 4183 980 4256 perductum
999 4181 1105 4238 esseio
1124 4188 1260 4243 senatum.

119 4301 198 4356 quccu
220 4285 246 4340 iu
269 4284 357 4339 lorium
374 4294 483 4340 senatus
504 4292 668 4340 criururatus
690 4292 761 4339 esset
785 4283 940 4358 postmodo
960 4283 1067 4340 demum
1089 4282 1150 4338 eius
1175 4280 1262 4339 menti

119 4386 195 4459 quasi
214 4386 380 4447 orrcuulssc.
404 4386 463 4440 ride
486 4394 576 4442 utrucu
599 4386 727 4460 sculptori
751 4385 927 4460 olrprulrrium
949 4384 1101 4441 dementiae.
1118 4384 1263 4445 cuiusdam
