2768 5010
157 367 197 434 58
466 383 691 434 uterontasvu
714 393 778 434 ura.
802 392 826 433 11
848 383 985 441 85-89.

157 542 294 608 probaret.
331 542 408 603 Quae
427 543 513 593 verba
530 559 657 607 umquam
676 543 832 609 expeditum
849 543 898 602 iri,
917 543 969 592 nisi
988 559 1060 594 nova
1077 542 1200 592 subsidia
1218 557 1298 607 repe-

157 610 270 668 riantur,
290 626 398 674 prorsus
416 609 615 675 desperandum
636 617 685 661 est.
723 614 771 662 Set
783 617 875 660 tamen
889 627 958 676 quae
977 612 1087 661 occasio
1106 611 1231 674 scriptori
1245 610 1298 658 fuit

158 678 192 728 de
210 678 309 728 Poenis
328 678 397 727 libro
416 679 535 728 secundo
553 679 683 728 dicundi?
718 679 805 740 Quem
824 679 984 728 admodum
1003 679 1079 738 iude,
1100 678 1170 742 quod
1188 678 1297 728 Poenos

159 746 312 796 conditores
330 746 425 795 Novae
445 746 622 812 Carthaginis
640 746 709 796 libro
727 747 755 796 lI
774 746 988 796 conmemoratos
1002 747 1086 796 fuisse
1100 749 1230 795 testatum
1243 750 1296 805 est,

158 827 238 878 qnam
257 814 290 862 de
309 813 342 863 fr.
362 812 395 864 83
414 815 578 863 sententiam
597 815 666 872 dixi,
692 813 795 878 aliquid
818 815 977 863 munimenti
997 815 1112 878 accipit,
1137 815 1298 871 eieramus,

157 881 181 930 si
199 880 247 931 illa
266 882 323 930 veri
342 882 438 930 similis
456 882 638 941 iudicabitur,
658 881 742 942 locus,
762 882 808 930 ubi
820 884 973 935 Poenorum
991 882 1092 931 mentio
1111 881 1187 930 iacta
1204 880 1299 941 fuerit,

157 964 210 1002 uon
228 949 438 1000 desiderabitur.

147 1131 164 1163 Ι,
242 1066 281 1127 85
305 1067 365 1147 [lie.
381 1075 423 1126 83.
447 1073 476 1126 G.
491 1067 548 1149 50]¹
591 1068 701 1137 Omnis,
724 1070 773 1147 qui
793 1069 914 1176 circum
925 1074 1001 1136 suut,
1027 1069 1211 1146 praeminent
1234 1066 1296 1128 alti·

156 1170 256 1231 tudine
278 1169 389 1229 milium
411 1187 550 1246 passuum
573 1170 708 1231 duorum.

242 1288 319 1337 Arne.
339 1305 364 1352 p.
384 1288 435 1337 256
459 1288 493 1337 ad
511 1287 675 1339 locutionem
694 1288 904 1339 ostendundam:
926 1292 1067 1353 praeniinat
1091 1291 1156 1338 illam
1180 1305 1233 1337 rum
1254 1291 1301 1338 itta

114 1361 119 1369 “
156 1371 194 1405 re.
214 1381 246 1389 —
265 1357 429 1405 Attitadinem
448 1356 517 1419 quod
537 1356 595 1405 cod.
609 1357 677 1406 Maii
696 1357 816 1415 exhibet,
836 1362 911 1406 recte
925 1357 1087 1407 auctoritate
1101 1357 1160 1406 cod.
1176 1356 1227 1406 Gu.
1242 1372 1300 1406 mu-

157 1427 244 1472 tatum
264 1428 314 1471 est.
349 1418 399 1472 Set
418 1423 482 1487 quia
500 1423 595 1472 mirum
615 1430 701 1484 esset,
722 1423 790 1473 siin
810 1424 933 1488 exemplo
953 1425 988 1473 ab
1007 1424 1185 1489 grammatico
1205 1424 1300 1473 adlato

158 1491 334 1540 accusativus
352 1491 567 1551 desideraretur,
592 1507 676 1541 omues
698 1507 746 1556 pro
770 1507 802 1541 eo
825 1491 980 1541 habendum
1004 1508 1064 1541 esse
1084 1492 1207 1556 adparet.
1244 1491 1302 1552 Qui

158 1563 264 1607 montes
282 1558 451 1617 dicerentur,
476 1558 561 1608 multu
578 1560 739 1624 perquirens
757 1575 811 1609 non
829 1560 931 1608 inveni.
969 1559 1016 1609 Set
1039 1559 1097 1609 veri
1121 1559 1235 1626 similius
1259 1560 1299 1608 ri-

158 1625 284 1674 daturin
302 1626 385 1675 'sauri
404 1626 539 1676 montibus
558 1627 629 1676 tales
648 1642 709 1677 esse
729 1643 809 1691 qtram
827 1628 855 1675 in
868 1627 1004 1692 Hispania
1023 1627 1084 1690 (cfr.
1098 1626 1239 1692 regionem
1252 1627 1299 1677 de·

158 1692 289 1758 scripturn
308 1694 342 1742 ab
361 1693 463 1743 Kochio
482 1695 540 1758 Zug
558 1695 606 1744 der
624 1694 815 1744 Zehutausend
835 1711 860 1759 p.
880 1694 914 1744 tu
931 1693 993 1759 sep).

238 1825 283 1898 ,86
315 1827 381 1908 [ΚΓ.
397 1835 440 1886 85.
464 1833 493 1888 G.
510 1828 573 1910 ⁴20]⁸
611 1829 765 1890 Modestus
792 1829 827 1889 ad
858 1830 954 1889 omnis
984 1829 1038 1889 elia
1067 1831 1122 1890 uisi
1144 1830 1179 1890 ad
1205 1829 1300 1890 domi-

157 1930 314 1990 nationem.
681 1941 687 1953 ·
952 1936 956 1951 '

242 2050 324 2098 Hunc
341 2049 429 2100 locum
448 2050 661 2099 conmemoravit
680 2065 712 2098 ex
725 2049 795 2098 libro
808 2049 834 2098 11
847 2049 917 2098 Don.
937 2049 971 2097 ad
984 2049 1047 2097 Ter.
1066 2047 1174 2098 Phorm.
1193 2048 1242 2108 13,
1260 2047 1299 2105 18,
1340 2056 1346 2069 ·

159 2132 211 2182 quo
229 2119 356 2166 modestus
373 2117 444 2166 idem
464 2133 524 2167 esse
544 2133 577 2166 ae
600 2118 745 2167 moderatius
763 2117 933 2176 ostenderet,
956 2116 1003 2165 uhi
1028 2131 1088 2165 cum
1111 2115 1241 2181 scriptum
1266 2116 1308 2167 sit.

159 2185 208 2234 nisi
225 2186 424 2241 destinationem,
445 2190 520 2234 recte
540 2187 576 2234 ad
592 2185 647 2233 iam
667 2184 702 2233 ab
722 2183 785 2233 aliis
803 2200 845 2234 vv.
866 2184 910 2232 dd.
930 2184 1075 2247 repetitum
1096 2187 1146 2233 est.
1181 2183 1303 2247 Negavit

160 2257 250 2302 autem
269 2253 400 2311 Kritaius‚
419 2252 490 2301 hacc
508 2253 542 2301 de
561 2252 691 2316 Pompeio
710 2251 764 2301 diei
782 2252 918 2316 potuisse,
938 2253 1038 2316 quippe
1057 2267 1136 2316 quem
1154 2249 1302 2300 Sallustius

160 2319 348 2385 adrogantem,
368 2320 422 2369 oris
440 2319 556 2383 inprobi,
577 2320 660 2368 animi
678 2319 855 2369 inverecundi
874 2318 1079 2383 adpellarisset.
1110 2318 1159 2367 Set
1176 2319 1210 2368 de
1224 2320 1303 2368 cuius

161 2386 231 2436 alius
249 2387 310 2447 viri,
330 2387 450 2436 secundo
462 2386 532 2435 libro
545 2388 751 2447 conmemorati,
770 2387 927 2436 dominandi
940 2385 1028 2435 studio
1041 2385 1115 2450 loqui
1132 2386 1228 2451 potuit,
1248 2387 1302 2435 uisi

160 2455 194 2504 de
213 2455 264 2505 Gn.
284 2455 418 2518 Pompeii,
451 2455 487 2502 Et
505 2459 580 2503 recte
598 2455 686 2519 potuit
705 2454 859 2512 aedicere,
879 2454 902 2502 si
921 2454 1029 2517 quidem
1048 2453 1122 2502 illum
1141 2453 1176 2502 ab
1194 2453 1303 2503 luxuria

160 2522 242 2587 atque
261 2521 380 2572 avaritia
404 2521 576 2571 abhorruisse
602 2521 716 2571 aliorum
739 2522 903 2571 testimoniis
922 2522 989 2570 satis
1008 2526 1116 2570 constat
1135 2521 1244 2581 (lirum.
1264 2522 1301 2570 lV

159 2606 186 2656 p.
205 2588 275 2652 ott),
295 2589 432 2638 modestus
446 2595 537 2638 autem
548 2589 601 2639 hoc
615 2589 674 2639 loco
688 2589 720 2639 de
738 2589 888 2639 lubidinurn
901 2589 1087 2638 moderatione
1100 2589 1201 2637 dictum
1215 2589 1302 2638 luisse

159 2657 286 2706 Donatus
305 2661 432 2711 testatur.
452 2663 480 2707 et
498 2658 589 2706 omnia
607 2672 678 2722 quae
698 2653 763 2707 Sall.
782 2657 861 2707 ineo
881 2656 1058 2721 reprehendit
1075 2656 1144 2705 vitia
1162 2656 1197 2706 ab
1216 2655 1301 2707 domi·

159 2725 244 2774 nandi
263 2723 414 2788 cupiditate
433 2724 560 2790 profecta
577 2724 709 2793 videntur*
723 2740 792 2774 esse.

246 2842 285 2904 87
309 2842 368 2922 [ΚΓ.
386 2848 429 2901 86.
451 2847 481 2901 G.
499 2842 557 2923 25].
600 2841 648 2902 Vir
671 2845 767 2919 gravis
787 2849 816 2903 et
836 2841 915 2902 nulla
935 2849 998 2903 arte
1015 2843 1156 2920 cuiquam·
1169 2843 1303 2902 inferior.

246 2960 323 3010 Arus.
344 2978 369 3025 p.
383 2961 432 3009 242
452 2976 512 3010 curn
531 2960 658 3010 lemmate
677 2962 786 3022 inferior
797 2960 851 3009 tibi.
881 2961 923 3008 ne
937 2960 1056 3009 Sertorio
1071 2976 1104 3009 ea
1117 2959 1202 3009 verba
1216 2959 1303 3009 luisse

161 3027 247 3147 {13:320
255 3028 464 3146 vceririshiimsse
484 3033 534 3089 est,
554 3028 681 3093 quoniam
699 3026 732 3078 de
752 3028 810 3077 cius
827 3028 939 3093 ingenio
958 3029 1043 3092 primo
1061 3027 1131 3077 libro
1150 3027 1303 3092 expositum

170 3295 173 3298 ἦ
247 3211 288 3274 88
312 3215 371 3296 [llr.
389 3219 439 3276 inc.
455 3222 497 3273 83.
522 3218 551 3272 G.
566 3218 586 3273 ll
602 3213 658 3294 24].
699 3214 736 3273 Et
756 3215 920 3273 continetur
943 3214 1066 3291 gravius.
1105 3278 1108 3282 Α
1182 3269 1185 3275 .

248 3333 316 3383 Cum
334 3334 437 3383 Nouius
456 3351 480 3398 p.
500 3332 550 3382 215
568 3348 589 3382 s.
608 3349 634 3382 v.
652 3348 731 3396 praue
748 3335 875 3382 molestum
899 3348 931 3380 ex
949 3331 997 3380 lib.
1017 3332 1044 3380 ll
1062 3332 1131 3381 haec
1150 3331 1237 3381 verba
1257 3332 1304 3381 ad·

163 3401 250 3463 ferat,
277 3402 397 3450 Kritzius
416 3402 516 3450 iniuria
538 3417 569 3448 se
591 3400 626 3449 nd
643 3401 751 3449 incerta
770 3401 927 3464 fragmenta
946 3399 1115 3464 relegatisse
1139 3401 1198 3463 ipse
1223 3401 1304 3449 intel-

78 3504 81 3508 -
163 3468 244 3519 lexit:
264 3486 327 3519 nam
341 3469 368 3517 in
387 3469 505 3518 editione
525 3469 682 3518 novissume
699 3468 746 3517 lib.
761 3468 789 3516 11
802 3468 967 3531 adsignavit.
1000 3468 1048 3515 Set
1060 3472 1090 3516 ut
1102 3468 1174 3532 apud
1187 3468 1305 3516 Nonium

163 3536 269 3602 scripta
287 3541 358 3594 sunt,
378 3528 489 3600 prorsus
507 3536 603 3600 inepta
626 3551 686 3584 esse
709 3550 789 3584 nemo
812 3534 933 3598 negavit.
970 3534 1056 3583 Recte
1075 3535 1159 3583 llere.
1185 3535 1307 3584 coniecit

162 3613 272 3669 pratitas.
304 3603 436 3653 Videntur
448 3604 522 3653 dicta
535 3604 621 3652 ruisse
640 3603 674 3652 de
693 3619 794 3667 genere
812 3603 936 3663 militnm,
957 3601 1109 3651 latrociniis
1128 3609 1213 3660 sueto,
1234 3603 1306 3665 quod

164 3687 194 3721 se
212 3672 346 3722 contineri
364 3671 505 3721 molestius
523 3671 640 3720 tulisset.

248 3789 288 3850 89
313 3791 372 3869 [llr.
390 3797 433 3848 87.
456 3794 486 3848 G.
502 3789 560 3869 62].
607 3788 649 3848 ltu
671 3789 775 3850 fiducia
801 3807 888 3866 quam
912 3789 1092 3863 argumentis
1120 3789 1307 3865 pur·gatiores

164 3890 357 3953 dimittuntur.
729 3964 731 3968 ‚

249 4010 317 4058 Non.
338 4026 362 4072 p.
382 4009 445 4058 212:
473 4009 580 4058 Fiducia
602 4015 641 4056 est
664 4009 781 4057 audacia.
818 4007 952 4056 Sallustius
970 4007 1012 4056 lib.
1031 4009 1071 4057 Il:
1096 3981 1136 4055 ita
1159 4034 1192 4043 -
1215 4008 1306 4056 ‹limit-

70 4135 76 4146 ,
102 4088 104 4091 ’
164 4082 258 4127 tnntur
278 4075 412 4140 [dimittunt
430 4075 472 4141 Α].
510 4078 586 4126 Serv.
608 4075 642 4124 ad
661 4075 743 4139 Verg.
763 4077 832 4124 hen.
853 4075 879 4123 ll
898 4073 944 4123 tl:
969 4077 1038 4125 Sane
1056 4083 1154 4124 auteres
1174 4077 1307 4137 ‘fiduciam'

165 4146 290 4195 interdura
307 4161 355 4208 pro
373 4146 478 4193 crimine
496 4151 520 4193 rt
538 4144 646 4192 arrdacia
662 4143 792 4207 ponebant
808 4148 834 4191 at
854 4144 1003 4192 Sallustius:
1027 4143 1066 4191 ita
1084 4142 1116 4178 —'—
1135 4142 1309 4192 dimittuntur

168 4210 223 4277 [aie
243 4228 257 4260 e
277 4212 336 4261 cod.
356 4212 387 4270 F.
408 4211 554 4260 emendata
572 4216 635 4258 suut
653 4215 799 4275 conrupta:
819 4217 845 4258 ut
862 4213 967 4272 psallito
981 4212 1076 4271 fiducia
1094 4227 1166 4274 quarn
1178 4213 1309 4272 arpenteir

139 4284 143 4303 ⁸
163 4287 320 4344 perpeterer
339 4275 476 4342 dicuntur-L
513 4279 614 4328 Donat.
635 4277 670 4326 ad
688 4278 751 4326 Ter.
771 4277 879 4326 Phorm.
900 4277 955 4335 14,
974 4276 1020 4325 28:
1041 4278 1104 4326 h'nm
1122 4283 1146 4324 rt
1161 4281 1309 4325 senseritis

166 4349 275 4396 tirnidum
285 4353 364 4409 pater
375 4361 438 4401 esse,
453 4345 621 4394 arbitrabitur
630 4351 798 4394 conmendare
811 4341 923 4407 culpant]
939 4343 982 4393 Sic
995 4343 1128 4394 Sallustius
1141 4349 1165 4392 in
1173 4345 1309 4394 Historia:

167 4414 208 4465 ita
227 4441 257 4450 -
276 4413 459 4463 dimittuntur.
495 4407 536 4463 ld.
557 4413 593 4463 ad
610 4413 680 4462 lise.
699 4413 737 4462 tv
758 4411 783 4472 l,
807 4409 849 4462 13:
874 4413 972 4461 Salutio
995 4417 1107 4463 criminis
1125 4428 1177 4477 per
1190 4413 1310 4474 fiduciam
