2768 5010
440 396 743 442 couunaraarouon
765 394 838 442 eae.
859 394 890 439 v.
1184 376 1244 436 115

105 553 192 611 tiones
214 561 242 610 et
269 534 432 628 glossemata
461 555 487 610 iu
522 560 622 610 textum
648 552 844 627 reciperentur.
894 550 928 607 ttt
952 551 1037 624 igitur
1067 550 1147 624 quale
1177 549 1255 607 illud

106 656 183 712 inerit
205 656 364 713 coniectura
388 656 522 730 probabili
545 657 674 729 consequi
690 655 835 730 possimus,
861 654 894 710 de
912 654 1108 710 sententiarum
1125 670 1195 710 uexu
1212 671 1243 709 ac

105 759 208 815 ratione
230 759 414 833 quaerendum
442 767 493 814 est.
538 758 591 814 lum
619 759 666 832 qui
693 756 768 813 orella
797 756 977 832 praeiudicata
1007 756 1136 830 opinione
1163 755 1242 811 verba

104 878 167 915 ιιιιιιι
194 863 223 917 ei
245 862 359 933 quidem
386 889 430 901 —-
454 861 612 917 libertatem
641 877 724 916 suam
753 861 919 932 qratifieori
945 858 1156 914 consideraverit
1186 875 1241 914 uon

104 964 203 1036 preterit
226 979 283 1018 nou
303 962 461 1023 concedere,
482 979 513 1018 ea
535 963 624 1018 omnia
647 962 679 1018 ad
693 961 876 1035 gerendorum
896 962 1032 1017 bonorum
1052 978 1082 1017 ae
1100 961 1243 1033 tnagistra·

106 1072 177 1121 tunrn
205 1065 340 1121 rationem
369 1072 501 1138 spectare.
546 1063 619 1133 Quae
649 1080 757 1137 seruper
780 1062 880 1138 duplex
907 1071 964 1125 est,
994 1071 1025 1118 ut
1051 1062 1115 1117 boni
1139 1062 1242 1136 aliquid

104 1175 147 1223 ant
168 1166 305 1225 elireiatur
327 1174 374 1222 aut
394 1182 450 1222 non
467 1165 609 1223 elliciatur.
655 1167 743 1239 dtque
765 1166 801 1221 ita
824 1165 982 1221 Sallustium
1005 1163 1160 1238 bipartitam
1181 1182 1242 1221 ora-

106 1269 203 1325 tionem
225 1287 287 1325 esse
304 1267 432 1329 voluisse.
456 1267 626 1339 intellegitur
647 1285 679 1323 ex
707 1285 738 1322 oa
760 1268 958 1341 rationeque
979 1266 1096 1340 frustra
1119 1268 1172 1322 niti
1192 1284 1243 1341 per

104 1370 261 1445 particulam
279 1379 376 1426 autem
397 1371 565 1445 praegressis
588 1370 726 1444 obposuit.
771 1371 836 1425 Nisi
853 1369 932 1443 sorte
955 1387 1018 1425 vero
1040 1387 1186 1444 numquam
1208 1369 1242 1425 ab

104 1470 230 1551 Sallustio
250 1481 414 1547 usurpatum
440 1481 490 1534 est,
513 1473 565 1528 nisi
589 1480 619 1528 ut
643 1490 704 1529 cum
720 1473 802 1528 modo
826 1489 989 1546 praegresso
1011 1471 1156 1529 artissume
1177 1490 1243 1529 con·

12 1622 24 1636 ,
104 1574 238 1647 iungatur,
262 1575 335 1650 quod
358 1582 406 1631 aut
424 1583 521 1631 eontra
547 1592 622 1648 spem
645 1574 773 1631 acciderit
796 1582 841 1629 ιιιιῑ
863 1573 897 1629 ab
919 1575 1024 1631 nemine
1042 1575 1119 1631 lacile
1141 1575 1241 1631 lactum

102 1676 134 1731 iri
155 1677 276 1751 scriptor
296 1685 381 1751 ponat
408 1675 476 1749 (rid.
500 1676 555 1731 lud.
584 1684 611 1731 et
634 1692 703 1750 quae
730 1676 794 1733 olim
822 1676 956 1750 disputavi
983 1677 1016 1732 ad
1039 1677 1095 1750 lug.
1121 1696 1147 1752 p.
1173 1677 1241 1752 117).

102 1787 130 1833 nt
150 1779 334 1835 manufestum
356 1780 401 1842 sit,
424 1778 574 1834 membrum
593 1779 650 1834 nisi
666 1777 744 1850 forte
766 1809 803 1820 -
819 1780 985 1851 qratifieora'
996 1780 1138 1835 continere
1159 1781 1242 1837 ratio·

102 1898 169 1943 ιιιιιι,
194 1898 249 1955 qua
270 1879 372 1955 aliquid
396 1880 466 1937 effici
487 1881 589 1955 possit,
613 1897 693 1953 quam
711 1898 775 1936 vero
798 1898 878 1936 uemo
900 1879 978 1937 lacile
1002 1881 1177 1953 ingressurus
1195 1883 1240 1939 sit.

102 1982 184 2038 l'erba
202 1991 293 2038 autem
307 2001 342 2039 ue
360 1982 549 2057 neglegantur,
572 1984 730 2054 inportuna
751 1983 803 2038 dici
824 1999 880 2037 uun
901 2000 970 2055 qrrae
993 1983 1142 2057 perieulum
1164 1985 1242 2041 ruini·

101 2092 208 2145 teutur.
238 2092 281 2140 set
312 2102 380 2159 quac
410 2084 599 2158 oportunitate
622 2084 779 2159 perliciondi
810 2083 850 2139 rel
878 2084 1009 2139 tractandi
1041 2094 1151 2141 careant
1178 2085 1239 2159 (rid.

101 2187 181 2243 llulr.
204 2187 238 2242 ad
256 2187 310 2242 Cic.
333 2187 358 2242 d.
382 2185 439 2242 l'iu.
463 2186 484 2240 ll
505 2193 547 2248 26.
568 2194 602 2246 85
625 2205 651 2260 p.
671 2185 747 2259 288),
770 2204 836 2260 ergo
860 2203 928 2259 quae
946 2203 1026 2242 neruo
1046 2186 1124 2243 laeile
1146 2188 1241 2261 adgre-

97 2288 198 2352 diatur,
220 2298 345 2363 apertum
368 2297 424 2351 est,
452 2306 501 2345 uec
529 2288 619 2343 miuus
647 2289 669 2342 si
700 2290 803 2345 ‹lelicta
825 2291 975 2360 couriqere
1002 2289 1024 2344 is
1049 2289 1167 2352 dicatur,
1193 2291 1240 2364 qui

98 2392 289 2463 magistratum
311 2391 398 2447 murlto
417 2391 529 2463 negotio
552 2408 583 2446 ae
603 2390 696 2445 labore
714 2392 849 2464 petiverit,
872 2408 927 2447 ιιιιιι
943 2391 975 2447 de
993 2390 1108 2447 aliorum
1123 2391 1239 2456 delictis,

98 2502 139 2549 set
162 2494 197 2549 de
219 2493 280 2549 eius
299 2493 384 2568 ipsios
406 2493 522 2564 cogitari
552 2510 649 2565 possm
681 2492 785 2549 scilieet
812 2495 858 2567 qui
889 2494 912 2548 vi
943 2494 1031 2551 utitur
1059 2494 1086 2549 in
1113 2494 1240 2567 regendis

97 2597 188 2669 patria
209 2603 238 2651 et
260 2595 427 2670 perentibus,
449 2594 523 2651 tollit
545 2594 653 2669 quidem
675 2594 737 2650 sitia
760 2594 858 2651 civium
880 2605 908 2652 et
931 2595 1000 2651 mala
1028 2596 1056 2651 iu
1080 2614 1110 2652 re
1133 2595 1240 2670 publiea

97 2706 159 2753 nata
178 2706 207 2753 et
236 2696 399 2759 inveterata,
423 2704 466 2752 set
494 2696 531 2751 ita
553 2696 650 2758 simul,
680 2714 749 2769 quae
777 2697 834 2771 ipse
860 2697 988 2753 advorsus
1014 2697 1088 2772 leges
1114 2698 1239 2772 deliquit,

95 2799 226 2872 ruurigit.
271 2798 324 2855 lam
347 2798 414 2855 banc
436 2814 497 2855 esso
517 2797 628 2853 Sallusti
650 2800 810 2854 seutentiam
834 2800 998 2857 im'euimus:
1024 2801 1051 2856 iu
1074 2802 1240 2874 magistrati·

95 2903 149 2958 bns
171 2911 199 2957 et
227 2903 340 2976 inperiis
362 2909 409 2956 aut
433 2910 463 2956 ut
486 2899 586 2974 aliquid
611 2901 711 2956 efficias
745 2901 769 2955 vi
799 2904 929 2959 utendum
956 2911 998 2958 est
1026 2903 1052 2958 iu
1077 2904 1191 2979 patriam
1212 2914 1239 2961 ct

95 3012 235 3079 parentes.
265 3012 312 3059 aut
335 3004 437 3059 frustra
464 3003 569 3059 niteris.
607 3003 648 3058 Ab
670 3002 733 3064 illo,
762 3012 792 3060 ut
820 3004 886 3061 nibil
915 3005 1034 3078 inpediat
1059 3014 1143 3080 utque
1171 3025 1239 3083 quae

95 3107 251 3182 peremeris
266 3106 324 3181 ipse
340 3106 476 3180 conrigas,
499 3116 587 3161 tamen
607 3104 691 3162 multa
713 3105 901 3169 dehortantur,
924 3108 1084 3181 praesertim
1106 3128 1168 3165 com
1184 3127 1239 3184 quo

92 3209 202 3264 abitura
226 3207 281 3263 siut
302 3226 371 3282 quae
395 3208 521 3264 instituas
544 3209 664 3269 nescias:
693 3208 817 3270 alterum,
841 3210 944 3265 frustra
966 3210 1016 3264 uiti
1035 3219 1069 3266 ‘ct
1093 3211 1160 3266 nibil
1182 3212 1240 3268 elll·

92 3328 158 3367 eere
181 3309 233 3364 nisi
262 3317 291 3365 ut
321 3310 347 3366 in
376 3311 435 3366 odiu
457 3310 598 3366 bomiuum
624 3310 762 3373 iacturas,
789 3311 939 3368 ‹lerueutiae
961 3330 1021 3367 esse
1043 3313 1148 3377 bulieo;
1178 3331 1238 3370 nam

93 3413 232 3469 nemiuem
248 3413 412 3476 eruditiore,
434 3413 479 3487 qui
498 3421 529 3468 ut
542 3413 643 3486 aliquid
663 3413 721 3487 ipse
744 3415 832 3487 possit
844 3415 937 3489 paucis
953 3415 1112 3489 potentibus
1129 3415 1239 3471 libe'rta·

93 3525 150 3570 tem
164 3532 241 3570 suam
254 3533 283 3569 ae.
296 3514 457 3589 dignitatem
471 3515 585 3571 vendero
600 3514 664 3570 uelit
676 3508 708 3587 ¹).
738 3516 790 3572 lam
810 3535 869 3572 curu
886 3517 964 3572 rerba
983 3535 1048 3572 amu
1065 3519 1093 3572 ei
1102 3548 1141 3557 -
1154 3517 1238 3572 bber-

92 3624 181 3672 eurem
196 3634 278 3673 suram
290 3619 455 3688 qratificuri
466 3616 533 3672 nibil
547 3615 620 3673 aliud
635 3618 788 3689 significent
802 3619 853 3673 uisi
866 3619 1041 3691 arrugistrutus
1055 3618 1102 3673 illo
1116 3627 1238 3693 tempore

91 3720 153 3789 geri
178 3737 233 3774 nou
255 3736 337 3793 pesse
360 3729 391 3775 ut
411 3718 513 3792 aliquid
537 3718 601 3774 boui
629 3727 656 3775 et
679 3719 746 3775 utile
775 3730 801 3776 te
823 3721 981 3776 ellecturum
1005 3739 1115 3795 sperare
1137 3721 1236 3796 possis,

91 3822 266 3882 seutentiam.
286 3822 318 3876 ad
341 3838 422 3894 quam
441 3820 637 3877 inlustraudam
660 3831 688 3878 et
707 3824 917 3880 eoulirmaudam
938 3841 969 3879 ca
992 3824 1155 3897 pertineant,
1178 3823 1239 3880 ιιιιΙ·

92 3923 248 3980 lamabant
271 3940 332 3980 esse
353 3940 434 3997 posse.
456 3923 567 3997 adparet
591 3924 641 3979 uisi
661 3923 744 3981 barm:
766 3927 813 3999 qui
839 3925 865 3981 iu
886 3927 1048 3998 irrugistratu
1071 3925 1116 3987 sit,
1136 3925 1160 3979 ei
1177 3925 1238 3981 uul-

92 4025 146 4081 laur
165 4026 272 4101 copiam
298 4043 359 4082 esse
382 4025 495 4081 borruris
524 4027 540 4080 i.
564 4044 586 4081 e.
618 4025 722 4098 gloriae
752 4028 949 4102 adipiscuudae.
991 4028 1037 4084 llis
1067 4029 1152 4101 igitur
1174 4027 1238 4101 quid

91 4126 231 4183 etbriturl
273 4128 372 4202 Nempe
394 4130 449 4184 tuti
470 4129 608 4184 tunionem
624 4128 657 4184 ab
678 4129 796 4193 coloro,
819 4132 852 4187 de
869 4149 924 4204 quo
941 4131 1105 4206 (paruerimus,
1124 4130 1239 4186 alienam

91 4247 167 4293 esse;
197 4229 222 4285 id
247 4230 321 4303 quod
345 4231 427 4285 etiam
455 4229 515 4287 aliis
542 4232 709 4301 erueremus
736 4232 920 4289 ιιιιιΓιιιιιιιῑιιι·ι
959 4234 1023 4290 Nam
1044 4251 1105 4289 cum
1127 4233 1160 4288 de.
1185 4232 1238 4289 vita
1321 4230 1332 4241 '

138 4360 166 4425 l)
185 4360 244 4411 cfr.
263 4360 351 4411 libell.
372 4377 460 4412 meum
479 4379 527 4428 quo
546 4370 659 4428 tempore
678 4380 776 4431 quoque
800 4368 904 4415 eouor’lr'o
927 4364 990 4416 Sall.
1016 4367 1147 4416 Cutiliarum
1171 4367 1235 4417 aeri·

89 4449 174 4511 prisse
190 4447 310 4497 rideatur·
327 4464 352 4512 p.
372 4448 397 4497 5.

966 4533 1012 4596 88
