2768 5010
445 420 747 466 eouurururrouuu
772 420 842 463 car.
867 420 911 464 rv.
1207 398 1245 463 91

114 596 237 653 magnum
261 578 344 636 luisse
363 595 394 635 er
416 584 462 641 86.
484 585 502 638 l
521 578 691 653 intellegitur
715 607 751 619 -
775 576 901 634 hostibus
923 575 1070 637 restitisse,
1099 591 1132 632 un
1156 589 1249 631 omnes

114 681 256 745 Romanos,
280 681 442 755 ubicumque
458 681 621 756 potuissent.
645 680 858 764 orbibus-lactis
874 680 926 735 vim
941 678 1049 735 illorum
1063 675 1249 735 sustentasse?

114 783 145 838 Et
167 801 231 839 uum
253 783 382 840 Sallustio
405 783 547 857 indignum
568 784 636 846 luit,
664 802 724 841 cum
747 783 872 841 eximium
894 781 1062 838 tortitudinis
1090 789 1118 837 et
1136 779 1250 855 peritiae

113 886 303 943 documentum
330 893 561 948 conmemorarct,
586 887 731 943 admonere
759 886 891 948 lectores.
918 877 1003 959 quam
1026 883 1100 941 brevi
1127 891 1251 958 tempore

114 989 175 1044 nori
194 997 354 1063 veteresque
375 987 476 1044 utilites
497 989 664 1045 coaluissent
683 989 735 1062 (87,
758 988 794 1062 3),
817 1006 897 1062 qnam
918 987 1045 1046 celeriter
1066 986 1154 1042 omnis
1175 1001 1251 1042 exer·

113 1092 184 1147 ritus
206 1090 270 1147 llari
297 1091 441 1166 prudentia
469 1092 501 1147 ad
532 1109 589 1148 earn
618 1092 659 1147 rei
684 1092 809 1147 militaris
834 1090 973 1179 seientiv
993 1090 1124 1146 adductus
1146 1088 1250 1149 luisset,

113 1194 229 1268 utquid
255 1194 284 1249 in
311 1193 393 1249 rebius
413 1193 608 1268 dulriisatquc
633 1195 736 1271 asperis
757 1194 911 1251 faciundum
933 1199 1021 1256 esset,
1046 1207 1126 1248 nenro
1146 1189 1252 1247 dubito·

113 1298 173 1350 reti
208 1295 280 1364 Quae
301 1312 362 1353 eum
384 1295 421 1351 ita
441 1297 505 1358 sint,
525 1297 578 1354 lum
601 1315 711 1372 quaero,
730 1305 823 1353 utrum
845 1298 974 1368 novique,
998 1294 1070 1369 qttotl
1092 1293 1252 1350 rectissume

112 1398 180 1454 adici
202 1399 302 1473 potuit,
325 1415 358 1453 an
380 1406 409 1455 et
426 1400 458 1455 od
473 1416 508 1455 en
524 1402 646 1456 scientes
660 1401 733 1462 belli,
758 1417 825 1473 quae
843 1399 924 1455 verba
947 1416 980 1455 ec
1004 1416 1058 1472 quo
1081 1396 1171 1472 posita
1188 1400 1253 1452 suut

112 1499 175 1556 loco
199 1518 312 1574 prorsus
336 1500 436 1575 inepta,
455 1503 541 1575 magis
564 1503 681 1578 speciem
703 1500 876 1576 glossematis
899 1518 963 1576 prae
985 1519 1014 1557 sc
1038 1499 1134 1556 ierant.

199 1603 256 1677 lug.
279 1610 321 1666 99,
342 1613 352 1663 i
376 1603 533 1660 admirabile
561 1613 617 1667 cst,
648 1604 721 1679 qitoil
747 1603 932 1659 vetustissumi
959 1610 1040 1678 etipse
1063 1602 1168 1677 optumi
1190 1601 1254 1658 libri

111 1722 199 1779 paene
226 1723 321 1762 omnes
349 1721 501 1778 erumpere
520 1682 596 1763 iubel
628 1706 763 1763 exhibent.
808 1705 884 1774 Quttd
913 1722 1074 1780 quanupuam
1103 1723 1199 1779 magna
1225 1705 1253 1762 iu

113 1807 272 1881 suspicione
289 1816 340 1870 est,
365 1839 402 1850 -
425 1824 486 1864 nam
508 1808 641 1883 elegantis
662 1809 804 1884 scriptoris
826 1816 900 1865 certe
918 1826 972 1865 nou
995 1815 1037 1864 est
1056 1808 1124 1864 idem
1144 1807 1253 1864 verbum

112 1911 141 1966 iu
164 1910 272 1967 duobus
295 1910 442 1966 enuntiatis
472 1930 500 1968 so
529 1913 725 1987 excipientibus
748 1929 849 1986 ponere
873 1942 925 1974 -,
949 1919 1037 1967 tamen
1062 1927 1126 1967 num
1146 1907 1255 1966 ‹lelendi

112 2012 204 2088 possit
227 2012 410 2086 quaerendum
430 2021 480 2070 est.
525 2015 644 2073 Primum
667 2015 752 2088 igitur
773 2013 895 2070 infinitivi
915 2015 998 2087 signu
1019 2029 1134 2081 canere,
1149 2015 1254 2070 elemo-

113 2131 176 2171 rem
196 2116 416 2186 interrupimus
437 2132 599 2189 erumpere,
619 2133 673 2190 quo
695 2115 783 2172 miurus
801 2116 834 2172 ab
855 2118 931 2172 iubet
954 2132 1116 2191 praegresso
1137 2114 1255 2189 pendere

113 2224 257 2292 putentur,
279 2219 381 2274 deinde
398 2218 529 2292 particula
553 2218 652 2281 obstat,
676 2237 708 2274 ex
729 2237 780 2292 qua
804 2219 904 2274 nemini
925 2219 1098 2292 perspicuum
1119 2234 1255 2275 essenon

114 2327 209 2394 potest
237 2320 384 2376 infinitiros
408 2320 555 2377 historicos
576 2337 643 2377 esse.
690 2321 761 2377 llilril
789 2321 825 2376 ita
849 2321 1054 2395 vituperandum
1073 2320 1192 2384 videtum
1213 2328 1256 2378 set

113 2421 210 2495 utique
233 2423 345 2485 mirum,
373 2422 491 2496 siquod
520 2422 620 2478 milites
651 2423 764 2480 iecerint
790 2430 917 2479 narretur
942 2422 1016 2479 nulla
1045 2422 1121 2479 ducis
1147 2439 1256 2479 conme-

113 2525 283 2587 moratione,
312 2542 372 2581 cum
397 2532 483 2580 tamen
514 2524 539 2580 id
562 2541 672 2599 quoque
695 2524 795 2580 abillo
817 2531 871 2580 tam
892 2525 1041 2599 prudenter
1063 2533 1171 2599 tamque
1193 2533 1256 2600 apte

114 2626 272 2683 institutum
294 2644 354 2683 esse
376 2627 517 2701 adpareat;
539 2627 699 2701 pracsertim
721 2644 781 2683 cum
796 2627 958 2702 principium
974 2627 1070 2702 capitis
1085 2629 1256 2685 Piurnmnm

114 2745 185 2785 nero
206 2728 321 2785 Marius
343 2730 478 2799 inperitia
498 2729 620 2784 bostium
639 2730 842 2800 confirmatus,
868 2730 947 2786 iaciat
968 2739 999 2785 ut
1016 2739 1201 2805 exspectemus
1223 2731 1256 2788 de

116 2830 253 2893 omuibus,
273 2848 341 2905 quiae
360 2830 489 2887 nileiirsus
511 2831 604 2886 hostes
624 2830 657 2886 ab
679 2848 712 2887 eo
728 2832 853 2887 instituta
868 2833 930 2894 sint,
953 2832 1054 2889 dictum
1078 2833 1119 2888 iri.
1157 2833 1256 2891 Contra

117 2934 142 2988 id
168 2932 243 3007 quod
262 2933 387 2989 iussisset
400 2932 461 2995 iliis,
483 2933 517 2987 ab
538 2932 669 2988 militibus
689 2942 762 2988 recto
778 2942 806 2989 et
823 2934 917 2989 ordine
938 2935 1037 2991 iactuum
1055 2952 1124 2998 esse,
1147 2953 1178 2991 on
1197 2937 1257 3011 ipso

115 3042 215 3091 eventu
244 3035 379 3092 facillume
408 3034 626 3108 intellegebatur.
666 3035 739 3103 Quae
755 3053 827 3104 cum
850 3037 887 3092 ita
908 3036 977 3098 sint,
1000 3054 1115 3111 cumque
1138 3039 1257 3096 eiiisdem

116 3136 240 3193 emulum
256 3136 385 3211 repetitio
397 3139 515 3193 mimimo
530 3136 563 3193 ab
576 3136 741 3212 scriptorum
756 3139 954 3195 consuetudine
965 3139 1051 3195 alicua
1068 3138 1208 3211 (llralenlt.
1225 3142 1257 3198 ad

116 3239 172 3294 biv.
184 3239 195 3295 l
207 3248 231 3302 3,
243 3247 268 3301 9,
280 3240 330 3296 eir.
343 3238 399 3312 lug.
412 3246 455 3301 85,
468 3239 511 3312 38)
525 3256 612 3312 neque
624 3238 658 3295 alr
673 3239 785 3296 Sallusti
800 3239 909 3312 iugenio
925 3241 1080 3303 abhorreat,
1097 3243 1197 3317 quiippe
1210 3243 1256 3316 qui

117 3359 200 3415 saepe
224 3341 278 3397 duo
301 3341 439 3397 enuntiata
463 3341 496 3397 ab
519 3340 611 3396 eadem
632 3342 766 3415 particula
788 3341 872 3397 ordiri
895 3360 949 3398 non
971 3344 1073 3417 sugerit
1095 3343 1161 3414 (Cat.
1177 3351 1219 3406 25.
1232 3351 1256 3404 4.

115 3450 159 3505 no,
181 3449 206 3501 r.
227 3449 270 3506 se,
293 3448 326 3504 ro
346 3452 374 3499 ei
398 3447 437 3502 ir.
463 3451 505 3506 so,
528 3450 545 3504 e
567 3451 594 3498 et
613 3449 638 3502 4.
665 3443 722 3517 tog.
745 3452 793 3506 si,
816 3450 850 3501 m
870 3436 897 3499 et
919 3450 962 3505 ee.
986 3444 1021 3500 io.
1044 3452 1079 3507 ra
1097 3454 1125 3501 n
1147 3453 1181 3507 no
1202 3444 1257 3518 alt,

117 3546 246 3603 iudicium
268 3545 461 3602 eurrtinendum
483 3545 610 3601 arbitror.
633 3575 676 3585 —
698 3544 787 3600 Eiusd.
815 3563 872 3619 cap.
896 3548 923 3618 3.
947 3554 964 3609 3
985 3546 1018 3602 ab
1041 3547 1179 3621 plerisque
1203 3548 1259 3604 edi·

117 3656 178 3703 tur:
206 3647 254 3704 Itu
278 3653 396 3704 cunctos
417 3649 540 3718 strepitu
562 3649 696 3715 elamore,
722 3648 800 3703 noello
822 3649 1002 3704 subveniente
1021 3651 1127 3704 nostris
1149 3652 1258 3706 insten-

115 3751 203 3817 tibus,
229 3750 352 3805 tumultu
377 3757 490 3805 terrore
515 3748 644 3820 formido
668 3751 754 3820 qteosi
782 3752 915 3807 vecordia
942 3755 1067 3820 ceperat.
1112 3750 1146 3805 nt
1169 3750 1207 3807 ita
1230 3751 1257 3806 in

116 3850 177 3907 solo
203 3845 243 3906 ll²
270 3851 410 3925 scriptum.
457 3850 650 3906 Vetustissumi
678 3857 705 3907 ct
730 3852 814 3908 cidem
841 3851 945 3925 optumi
968 3849 1030 3905 libri
1052 3853 1174 3906 tumultu
1194 3850 1258 3924 for·

117 3956 222 4010 midine
244 3962 367 4019 terrore,
392 3952 437 4027 qui
461 3952 500 4009 eis
524 3953 649 4027 proxumi
670 3962 732 4009 sunt
757 3953 878 4008 turnultus
901 3958 1013 4008 terrore
1033 3952 1190 4024 formidine
1213 3970 1258 4010 ex·

116 4055 220 4112 bibent.
263 4055 336 4110 Unde
358 4055 422 4128 quid
443 4054 576 4130 sequitur,
598 4056 650 4110 uisi
673 4063 703 4111 ut
724 4054 886 4111 alterutrum
906 4061 1019 4110 terrore
1041 4063 1087 4111 aut
1102 4055 1258 4129 formidine

116 4156 253 4231 glossema
278 4157 446 4213 iudicandum
470 4157 523 4214 sitt
554 4156 637 4231 Atqui
655 4156 710 4212 scri
726 4157 840 4212 similius
862 4165 903 4212 cst
921 4155 954 4211 ad
969 4155 1134 4228 formidine,
1157 4157 1257 4233 quippe

117 4259 189 4331 quod
210 4259 263 4314 lroc
285 4257 347 4314 loco
366 4266 515 4314 extremum
536 4276 586 4333 per
608 4275 713 4314 omnem
735 4260 882 4316 exercitum
899 4257 1026 4315 dillusum
1048 4268 1150 4315 nictum
1174 4259 1258 4333 signi·

116 4359 177 4417 ticet
199 4360 260 4432 (cir.
283 4358 340 4433 lug.
360 4368 403 4423 53,
420 4365 451 4420 t:
473 4360 661 4432 elteriapnd
672 4361 779 4416 alteros
798 4360 982 4434 formidinem
1000 4362 1086 4417 simid
1106 4367 1134 4415 et
1156 4363 1259 4418 tumut-

116 4469 175 4519 tum
198 4461 325 4535 secere),
347 4467 461 4519 terrore
481 4460 657 4539 adscriptum,
679 4474 759 4537 quam
782 4462 835 4521 hoc
854 4480 904 4540 per
925 4460 992 4519 illud
1012 4460 1175 4538 explicatum
1189 4479 1257 4522 esse.
