2768 5010
442 361 745 408 counasrerrouun
766 359 837 405 ear.
860 359 904 406 xe.
1204 341 1244 406 93

110 519 265 578 exhiberent
287 528 315 577 et
334 519 389 578 veri
411 519 526 577 similius
549 519 613 578 mibi
636 519 772 576 rideretur
798 517 923 575 librarios
944 515 1010 574 illud
1033 515 1167 577 hocloco
1190 538 1245 578 non

109 621 220 679 localem
241 621 468 696 significationem
496 621 596 679 babere
621 639 731 679 monere
758 620 889 682 voluisse.
915 638 995 694 quam
1022 638 1072 696 pro
1094 630 1245 695 postquam

110 718 264 781 restitutum
287 742 347 781 csse
369 725 425 793 nbi,
450 733 578 799 optumas
600 723 686 781 librus
702 723 855 797 sequendos
874 722 974 797 putavi.
1018 722 1117 780 Deinde
1140 725 1245 797 insecta

109 845 167 882 cum
190 824 328 902 plerisque
348 835 376 882 et
399 826 519 901 optumis
542 824 620 882 libris
642 825 812 882 retinendum
827 825 927 900 putavi.
971 824 1037 881 Cum
1052 826 1123 882 enim
1138 826 1244 885 aliunde

109 928 172 1002 quid
194 944 256 985 rere
275 928 375 991 lactum
397 928 480 984 luerit
501 927 642 1002 cognitum
664 943 720 983 uon
743 926 896 988 habeamus,
919 925 982 981 libri
1004 928 1133 999 sequendi
1156 937 1244 993 erunt,

109 1030 159 1087 nisi
180 1030 252 1105 quod
275 1029 419 1087 exhibeant
438 1029 537 1086 lalsum
556 1046 617 1087 esse
638 1030 852 1087 demonstratum
868 1028 958 1084 luerit.
1002 1028 1084 1101 Atqui
1105 1029 1128 1083 si
1147 1029 1245 1088 blarius

110 1130 207 1188 inlecto
222 1133 335 1206 negotio
343 1131 377 1187 ab
391 1130 533 1188 obsidione
548 1132 631 1188 turris
644 1131 744 1205 regiae.
763 1148 842 1206 quam
857 1137 1021 1204 susceperat,
1038 1130 1125 1186 redire
1134 1141 1244 1190 coactus

109 1232 196 1295 luerit.
220 1234 326 1290 facilius
341 1231 520 1305 intellegitur,
544 1233 642 1307 quibus
661 1231 766 1291 caussis
782 1240 871 1288 motus
891 1231 936 1294 sit,
957 1238 987 1288 ut
1003 1229 1104 1287 bellum
1119 1233 1244 1306 pactione

111 1366 145 1376 -
169 1353 238 1410 quae
260 1353 340 1409 quam
358 1317 443 1390 iruna
466 1335 557 1397 luerit,
580 1335 631 1390 rid.
651 1334 771 1391 blomms.
791 1333 821 1389 ll.
843 1333 872 1389 ll.
895 1332 916 1387 ll
934 1350 960 1407 p.
986 1338 1033 1393 tlt
1059 1363 1096 1374 -
1118 1351 1198 1409 quam
1221 1336 1244 1392 vi
1345 1325 1348 1330 ¹

107 1436 238 1493 conficere
260 1435 360 1493 mallet.
404 1437 471 1492 Tum
491 1454 571 1492 nemo
593 1436 749 1498 mirabitur,
774 1435 847 1510 quod
874 1451 934 1491 eum
958 1433 1100 1491 verborum
1123 1435 1245 1494 ordinum

107 1555 177 1595 nunc
197 1536 321 1600 exhibui,
348 1538 395 1612 qui
419 1537 453 1593 ab
479 1538 599 1612 optumis
625 1537 703 1594 libris
722 1537 917 1594 conmendatus
938 1544 1026 1597 esset.
1054 1544 1097 1592 set
1123 1555 1245 1595 maxume

106 1639 311 1697 admirabuntur
331 1639 455 1697 homines
475 1638 557 1701 docti.
583 1640 656 1714 quud
677 1658 728 1715 pro
751 1655 816 1711 qua,
838 1637 911 1711 quad
934 1636 1088 1694 adverbium
1109 1636 1162 1695 loci
1184 1657 1245 1698 esse

106 1742 228 1799 studiose
249 1741 326 1798 Obss.
349 1759 375 1816 p.
398 1748 433 1802 Ἡ
454 1759 494 1816 sq.
513 1741 696 1797 demonstrari
720 1771 757 1781 —
784 1756 837 1814 qna
869 1739 896 1794 in
918 1756 947 1794 re
970 1737 1089 1796 Kritzius
1111 1741 1177 1798 milri
1200 1743 1245 1799 ad·

106 1860 202 1899 sensus
226 1851 328 1907 esk-
350 1851 440 1899 tamen
467 1843 541 1917 quod
568 1842 624 1899 illic
651 1850 725 1899 recte
755 1819 807 1899 dict
832 1839 926 1915 negavi
945 1843 1021 1912 quod
1046 1843 1244 1902 restituendum

107 1945 275 2001 existumavi
308 1944 420 2001 Scilicet
440 1944 504 2001 mibi
517 1943 722 2020 persuadebam
742 1944 870 2018 quemad
888 1942 996 1999 modum
1013 1946 1254 2049 consiliumjab

105 2047 220 2118 iaceam,
240 2049 296 2103 iter
318 2049 464 2105 intendere
485 2055 558 2103 recte
583 2046 697 2108 dicatur,
720 2045 759 2101 sic
776 2047 924 2102 intendere
944 2048 1086 2117 negotium
1109 2063 1164 2104 non
1185 2065 1245 2106 csse

107 2148 230 2241 quidem.
252 2148 399 2222 suscipere,
422 2147 567 2206 consilium
588 2164 693 2222 capere.
713 2156 756 2204 set
777 2147 907 2203 advorsus
925 2147 1013 2203 hostis
1032 2165 1137 2204 summo
1153 2150 1244 2208 studio

105 2258 134 2305 et
153 2212 330 2307 contentione
352 2250 455 2323 agitare
476 2249 539 2322 (die
556 2249 785 2323 Unternclamung,
808 2249 852 2304 die
873 2265 904 2304 er
922 2265 1010 2322 gegen
1031 2248 1083 2305 deu
1101 2249 1184 2307 lcind
1198 2270 1245 2326 ge·

105 2353 205 2409 riclrtet
234 2351 337 2425 batte).
384 2352 503 2408 Tametsi
531 2352 555 2410 ei
585 2352 631 2426 qui
653 2368 709 2424 quo
731 2351 904 2408 scribendum
926 2351 1088 2414 existumet
1116 2369 1150 2409 ne
1172 2371 1245 2412 nunc

105 2455 216 2528 quidem
242 2454 414 2510 vehementer
434 2452 601 2528 repugnabo.
645 2453 744 2510 Postea
765 2471 815 2510 cur
836 2460 863 2510 et
889 2484 925 2493 -
948 2455 1056 2510 certior
1074 2454 1174 2528 factus
1193 2463 1244 2520 eet.

104 2557 133 2612 id
154 2555 228 2631 quod
250 2556 277 2611 in
298 2555 436 2631 plerisque
459 2564 488 2611 ct
512 2555 630 2630 optumis
653 2554 730 2610 libris
753 2563 808 2618 cst,
831 2555 897 2611 lcrri
926 2572 981 2611 non
1007 2563 1101 2629 queat,
1129 2575 1244 2631 prorsus

105 2675 161 2714 non
184 2656 324 2730 intellego.
369 2658 488 2732 lienique
517 2658 665 2714 eorundem
694 2640 870 2731 optumarum
897 2657 1020 2714 codicum
1048 2688 1085 2700 -
1109 2668 1243 2733 quatenus
1281 2718 1287 2729 ,

105 2760 133 2815 id
154 2760 186 2816 de
210 2758 409 2816 recentioribus
432 2758 510 2815 libris
531 2758 584 2815 dici
609 2758 679 2822 licet,
705 2789 742 2799 —
764 2758 830 2816 lracc
851 2768 894 2816 est
914 2761 1062 2834 scriptura:
1093 2776 1196 2834 eosque
1216 2772 1244 2821 et

105 2861 216 2916 Sullam
239 2859 281 2934 (de
297 2877 352 2933 que
370 2893 406 2902 -
425 2868 453 2917 et
469 2860 518 2916 clr.
540 2860 597 2934 lug.
612 2867 653 2922 ιθ,
672 2871 694 2921 l·
717 2871 759 2924 55,
774 2869 799 2920 1.
822 2866 864 2923 76,
877 2866 901 2920 6.
924 2869 969 2928 89,
983 2868 1008 2923 t.
1040 2862 1118 2919 l'abri
1134 2865 1165 2921 ad
1188 2865 1243 2922 biv.

104 2963 160 3019 xxt
182 2970 228 3024 30.
248 2962 280 3034 ι)
307 2965 348 3019 nd
369 2962 477 3019 Uticam
501 2964 597 3018 venire
616 2963 705 3031 iubet,
733 2966 799 3018 item
825 2963 857 3019 L.
886 2963 1045 3020 Bellienum
1067 2973 1244 3038 praetorem,

101 3072 261 3138 praeterea
282 3066 373 3121 omnis
393 3066 518 3136 undique
539 3067 678 3121 senatorii
693 3067 810 3135 ordinis,
833 3065 999 3137 quibuscum
1014 3070 1151 3125 mandata
1169 3070 1243 3128 Bac·

103 3167 154 3224 clii
174 3169 326 3239 cognoscit.
373 3165 453 3223 Utica
482 3166 554 3240 quod
585 3166 612 3222 in
640 3165 779 3224 nonnullis
804 3165 882 3223 libris
906 3176 970 3242 post
987 3169 1153 3241 praetorem
1176 3170 1244 3246 legi·

104 3278 159 3327 tur.
183 3267 319 3341 glossema
338 3285 406 3330 esse,
429 3285 462 3324 ex
483 3268 663 3342 discrepantia
685 3286 753 3342 quac
776 3269 847 3325 inter
868 3286 916 3326 cna
939 3271 1014 3345 ipsos
1042 3280 1084 3328 est
1110 3272 1177 3329 satis
1199 3273 1244 3329 ad·

103 3380 192 3445 paret.
237 3369 285 3425 Set
307 3371 379 3444 quod
402 3388 453 3444 pru
476 3372 515 3427 ad
540 3371 648 3427 Uticam
669 3370 770 3443 legitur
792 3372 828 3428 ab
854 3372 950 3429 Tucca
972 3373 1110 3448 plerisque
1129 3383 1157 3429 et
1178 3376 1244 3432 milri

102 3473 157 3547 ipsi
180 3471 245 3528 olim
267 3472 341 3546 quod
361 3473 529 3548 reciperetur
550 3472 662 3547 dignum
687 3472 773 3530 visum
794 3483 851 3536 cst,
881 3491 968 3549 eaque
990 3476 1092 3548 magis,
1116 3477 1187 3549 quod
1206 3476 1245 3534 sic

103 3573 243 3630 facillume
266 3572 388 3648 intellegi
408 3582 516 3649 posset,
545 3592 600 3650 quo
625 3576 705 3632 modo
728 3575 789 3632 inde
811 3577 846 3632 ab
873 3577 968 3644 Utica,
992 3577 1064 3651 quod
1093 3578 1119 3633 in
1147 3578 1244 3652 pleris-

104 3693 158 3750 que
179 3674 295 3749 legitur.
324 3676 424 3733 laetum
447 3685 529 3734 esset,
571 3678 739 3752 ltprimum
761 3680 859 3735 mirum
883 3677 1007 3753 prolecto
1027 3687 1082 3742 cst,
1112 3680 1135 3735 si
1158 3680 1244 3739 Sallu·

103 3778 183 3839 etius,
208 3777 255 3851 qui
277 3778 335 3852 ipse
356 3795 407 3852 pro
431 3787 559 3853 praetore
578 3780 695 3836 Africam
716 3780 878 3842 obtinuerit,
907 3797 967 3836 cum
998 3789 1054 3837 tres
1073 3788 1154 3855 atque
1176 3784 1243 3840 adeo

103 3888 238 3954 quattuor
257 3887 348 3936 essent
370 3879 424 3936 loci
446 3881 555 3937 numine
578 3882 679 3939 Tuccac
704 3879 766 3953 (rid.
789 3881 863 3938 illess
881 3882 996 3957 lntcrpr.
1015 3883 1102 3939 Germ.
1123 3902 1149 3959 p.
1174 3885 1243 3960 186),

103 3999 172 4056 ergo
196 3998 288 4037 errare
310 3981 441 4039 lectorem
462 3999 517 4039 non
539 3984 620 4040 moda
642 3983 721 4040 facile
736 3993 779 4041 set
797 3985 980 4041 necessarium
996 3993 1076 4047 esset.
1100 4004 1181 4060 quem
1203 3987 1244 4044 lo·

102 4100 164 4139 cum
187 4083 304 4146 diceret.
326 4085 481 4142 adcuratius
503 4086 647 4143 ostendere
669 4086 796 4143 nolucrit.
842 4088 909 4144 'lum
928 4105 992 4144 num
1020 4088 1177 4146 incredibile
1202 4097 1244 4147 est

103 4185 215 4242 llarinm
239 4185 351 4242 hiberna
373 4186 406 4244 ad
425 4186 526 4245 Uticam
550 4187 695 4246 habuisse?
736 4188 894 4246 Clamabunt
911 4197 998 4254 certe,
1022 4208 1054 4247 ex
1079 4197 1142 4254 102,
1167 4192 1245 4251 tad·

103 4304 201 4360 parere
231 4304 293 4343 eum
320 4289 409 4345 Cirtae
432 4289 523 4346 sedem
550 4291 716 4348 cernloeasse.
762 4292 865 4349 Audio:
887 4301 930 4349 set
951 4293 1017 4349 nilril
1036 4293 1108 4350 aliud
1129 4293 1166 4350 ibi
1187 4293 1245 4352 Sal·

103 4386 203 4445 lustius
226 4389 292 4446 dicit
313 4390 366 4447 nisi
388 4409 458 4455 eum,
480 4410 541 4450 cunr
563 4392 710 4450 exercitum
724 4393 751 4449 in
771 4394 884 4451 hiberna
905 4395 1003 4453 ducere
1017 4395 1106 4468 vellet,
1127 4397 1244 4473 primum
