2768 5010
434 383 739 429 coaussrnarouuu
761 383 831 427 ass.
854 384 896 426 iv.
1197 365 1237 424 55

133 540 199 595 titiane
216 542 320 599 tumre
338 541 469 608 deleret,
491 543 518 597 si
534 546 665 613 peteret:
694 558 761 596 nam
783 540 979 612 quaerebatur
998 540 1235 609 repetundarum.

133 641 219 699 waliae
237 645 269 700 oli
291 660 355 700 eam
367 658 502 701 acumem
524 644 630 700 destitit
648 644 784 714 petitione
803 641 895 715 (addas
916 641 939 697 si
961 642 1027 697 tanti
1051 641 1236 699 testimonium

131 742 179 799 lusi
195 746 279 802 ilionis
296 752 339 808 36,
362 751 396 806 Yt
420 732 523 824 ᾐτήκει
539 738 571 802 δὲ
584 738 636 800 aad
653 730 743 814 αὐτὸς
762 730 818 818 τὴν
838 729 933 819 ἀρχὴν
953 736 1003 798 καὶ
1018 730 1067 799 deri
1081 740 1167 800 τοῦτο
1185 727 1235 815 ὀρ-

129 830 311 922 dimisae).
354 846 427 921 Ergo
443 848 495 904 hoc
516 856 625 905 constat
646 846 787 903 Catilinam
814 866 838 904 a.
859 853 894 909 66
923 864 977 920 quo
999 847 1088 903 suiuus
1110 845 1236 903 cousula-

128 954 165 1003 lm
181 959 276 1023 pateam
297 948 467 1024 prohibitum
483 950 581 1011 luisse,
611 947 677 1005 illud
697 948 809 1006 aluliium
832 957 876 1005 est
898 968 952 1023 quo
968 949 1027 1004 iure
1046 956 1074 1003 at
1096 966 1175 1022 apuam
1199 948 1235 1005 ab

127 1066 228 1115 aumas:
254 1052 281 1106 in
310 1068 365 1124 quo
389 1067 474 1107 unum
494 1061 599 1108 certatm
623 1051 651 1106 t.
676 1050 827 1107 Volcatium
850 1051 908 1107 eius
927 1050 1089 1125 petitionem
1112 1068 1166 1106 uon
1188 1051 1234 1106 ad·

127 1150 238 1209 aisnuum
265 1152 365 1215 luisse,
395 1153 476 1226 idque
498 1151 606 1211 consilii
632 1152 785 1226 principum
817 1152 934 1209 civitatis
960 1151 1123 1209 auctoritate
1152 1160 1235 1225 atque

125 1268 233 1311 mma.
269 1254 334 1310 inde
350 1254 424 1328 «pared
439 1257 550 1311 consilii
561 1256 669 1325 publici
690 1255 799 1311 iserniae
819 1263 944 1330 putatum
967 1264 1009 1311 est
1028 1263 1151 1311 senatum
1171 1252 1232 1314 dici,

125 1369 217 1413 aanor
237 1356 351 1413 obtusus
377 1365 420 1412 est
441 1356 549 1416 inuitis.
578 1364 609 1412 ut
630 1355 717 1412 senati
735 1356 844 1413 decreto
868 1355 935 1413 illud
958 1357 1058 1413 lactum
1087 1373 1148 1413 esse
1169 1372 1233 1411 cau·

124 1456 233 1513 merent
253 1456 316 1529 (rial.
339 1457 424 1513 llalm
443 1458 476 1514 au
495 1458 548 1515 cte.
572 1475 613 1532 pr.
630 1456 696 1513 Sull.
711 1465 736 1521 i.
750 1466 792 1519 13.
815 1457 908 1532 Hagen
929 1457 1006 1514 Catil.
1027 1477 1054 1531 p.
1074 1455 1129 1529 82).
1164 1456 1232 1524 outo

123 1564 185 1614 uam
203 1568 333 1627 senatum,
355 1576 418 1616 cum
439 1559 557 1616 Africani
588 1568 711 1617 oratores
738 1560 771 1615 dc
794 1559 906 1617 Catilina
934 1560 1053 1633 graviter
1076 1559 1165 1633 ‹piesti
1191 1577 1233 1615 es·

124 1668 169 1719 aut.
186 1661 332 1717 decreuisse
352 1660 408 1716 ueri
430 1660 518 1717 simile
538 1670 589 1723 est,
614 1662 687 1734 spuod
707 1660 787 1717 sinud
811 1661 838 1717 in
857 1661 997 1718 Catilinam
1020 1662 1230 1735 ignominiosum

124 1762 358 1837 manipretium
380 1762 509 1819 Alrorum
530 1762 734 1819 satisfaceret?
771 1764 901 1832 Quoniam
924 1764 976 1820 Cic.
1000 1781 1041 1838 pr.
1061 1763 1130 1820 mat.
1153 1769 1178 1824 4,
1199 1770 1232 1821 10

124 1858 231 1919 &limam
251 1881 282 1920 se
302 1873 429 1937 praetore
457 1863 574 1920 iliricum
602 1863 753 1922 obtinuisse
779 1866 898 1921 narrauit
927 1866 1042 1939 indeque
1064 1865 1168 1920 (etiamsi
1189 1864 1230 1919 ui-

125 1976 215 2020 arouem
237 1973 285 2021 aad
306 1965 394 2021 miuus
418 1982 481 2021 aare
509 1975 556 2021 aut
578 1984 673 2039 pamm
695 1966 841 2040 diligenter
860 1967 959 2023 dixisse
980 1968 1121 2029 carrezedae,
1142 1975 1228 2022 tortian

125 2064 277 2123 maiomam
294 2065 401 2123 sistetur
420 2066 495 2125 illum
511 2084 658 2124 inaxmumu
674 2069 736 2125 anni
758 2078 862 2143 partem
884 2069 912 2124 iu
932 2069 1022 2125 Africa
1043 2068 1135 2130 luisse,
1153 2067 1230 2122 lacilo

125 2160 194 2237 siquis
217 2169 243 2225 in
269 2168 339 2223 haue
362 2169 525 2225 sentenlimn
550 2169 644 2225 adduci
673 2170 777 2243 possit:
809 2180 921 2227 senatus
948 2170 1102 2226 coimultum
1130 2170 1229 2224 taetuui

125 2276 196 2323 aaut
214 2270 238 2325 ei
259 2269 458 2326 succeduntur.
496 2272 533 2326 m
549 2270 572 2325 si
592 2270 618 2325 id
635 2272 733 2328 iactum
750 2272 854 2334 luisset.
871 2270 1028 2329 admirabile
1049 2279 1124 2327 certe
1149 2270 1229 2331 toret,

125 2364 166 2422 lit
179 2370 264 2427 Cicero
279 2370 411 2427 Catilinae
430 2370 580 2446 obprobrio
597 2390 650 2428 non
668 2372 796 2429 dedisset,
838 2378 926 2447 Atque
943 2372 1104 2448 plerumque
1126 2378 1229 2426 aestate

124 2462 199 2527 inm
223 2472 256 2528 ab
281 2471 430 2547 prouinciis
456 2473 597 2531 decessum
625 2492 684 2531 esse
711 2475 906 2532 ‹lenienslravit
935 2477 1024 2532 [triam.
1053 2474 1070 2528 i.
1097 2492 1120 2529 c.
1151 2491 1177 2529 n.
1202 2476 1227 2532 7.

124 2564 198 2632 tare
216 2574 239 2630 si
262 2590 331 2648 quae
355 2574 454 2631 tradita
473 2584 537 2661 sum¹
559 2584 667 2638 teneas,
690 2575 757 2631 nihil
779 2576 853 2633 aliud
875 2577 961 2633 corsici
983 2577 1061 2639 licat,
1088 2576 1139 2633 nisi
1162 2574 1229 2630 tritos

124 2676 334 2731 malesuasa
356 2675 441 2731 ‹lia-tas
462 2694 529 2740 esse,
552 2677 651 2750 quilius
669 2679 804 2735 accusatio
826 2679 1036 2754 repetundarum
1057 2678 1228 2735 adiumretur

124 2771 224 2850 tuaique
250 2777 282 2833 ad
310 2794 370 2832 eam
393 2778 585 2834 instituendam
610 2779 807 2851 instigaramtur
832 2792 859 2837 et
885 2782 1119 2838 cotiliruuireutur.
1161 2779 1225 2834 llum

124 2886 163 2929 mn
176 2873 282 2935 decrita
304 2879 411 2954 possint
436 2898 496 2935 esse
517 2882 667 2938 sententiae
688 2902 702 2937 a
725 2871 840 2955 siugulis
861 2883 1033 2940 senatoribus
1057 2882 1144 2937 dictae
1166 2879 1226 2951 (clu.

124 2970 230 3035 latam.
252 2991 301 3043 50,
325 2988 350 3039 4·
379 2985 427 3042 tii,
451 2988 493 3040 18.
528 2981 584 3053 lug.
609 2990 672 3046 104,
695 2990 719 3041 2.
749 2984 791 3039 ur.
814 2985 825 3039 Ι
846 2990 894 3046 il.
920 2985 964 3058 l).
995 2985 1062 3041 tideo
1092 2986 1225 3039 laetiimue

123 3072 147 3128 til
161 3089 254 3137 sanatus
277 3081 431 3140 curisullum
453 3083 585 3139 incertum
605 3093 654 3140 est.
694 3085 745 3141 iarn
771 3104 794 3142 a.
813 3093 846 3147 65
871 3087 1010 3143 Cartiliuum
1033 3106 1056 3142 a.
1080 3087 1107 3141 Ρ.
1131 3085 1225 3141 (ῘΙυιΗο

122 3190 239 3239 &tautum
259 3202 384 3241 caussam
405 3184 505 3241 dixisse
526 3193 634 3242 constat
655 3205 686 3242 ox
708 3188 802 3243 eodem
824 3189 877 3245 Cic.
896 3207 938 3263 pr.
961 3187 1031 3244 uriel.
1051 3195 1076 3250 4,
1095 3196 1127 3246 10
1148 3186 1224 3243 laicas:

123 3288 204 3340 usta
223 3295 266 3341 est
287 3301 397 3352 arauris,
421 3305 486 3342 curn
508 3287 596 3358 (reete
619 3289 671 3345 hoc
695 3290 856 3346 Garatuuius
878 3290 1010 3362 inscruit)
1032 3304 1165 3345 corissum
1190 3291 1225 3344 dc

120 3388 216 3444 mmm
234 3390 402 3459 repetundis
426 3388 549 3444 Catilina
569 3391 651 3444 discit.
700 3392 754 3451 Sel.
778 3393 825 3465 qui
847 3410 878 3447 cs
900 3395 928 3446 u.
953 3392 1043 3448 Verris
1063 3408 1158 3447 sarissa
1179 3409 1225 3445 co·

123 3489 227 3549 privarit.
247 3499 378 3563 parantum
402 3490 532 3564 tciirporis
560 3491 631 3546 iuter
654 3493 769 3548 iiaiuiiuis
788 3493 951 3549 ‹iclaitiouam
975 3495 1113 3568 ipsamque
1136 3492 1224 3546 iculicii

122 3582 219 3645 &tionum
238 3591 405 3648 intercedere
428 3591 558 3666 potumil.
580 3611 634 3648 uam
655 3594 798 3655 «tutatum,
820 3595 884 3668 quin
907 3596 997 3651 statim
1020 3603 1082 3668 post
1104 3594 1162 3648 eius
1184 3612 1224 3649 rc·

121 3678 306 3749 lunianum
330 3710 393 3749 reiis
416 3694 503 3750 iactus
526 3694 577 3756 sit,
603 3712 690 3768 eoque
713 3678 815 3758 ruinius,
845 3697 917 3769 qttotl
941 3695 1068 3753 ercalinde
1087 3703 1129 3752 cst
1151 3714 1224 3751 acer·

122 3789 421 3867 misacgras·iss11mts
442 3795 468 3849 iu
491 3813 552 3851 sirim
575 3797 717 3885 sententiis
736 3797 762 3852 in
779 3807 873 3853 senatu
894 3799 973 3855 dietis
995 3798 1099 3854 assisinos
1121 3799 1153 3853 ad
1176 3808 1224 3852 nai-

121 3893 344 3953 praeterendum
367 3896 552 3970 promptiores
575 3907 603 3953 et
625 3897 771 3955 alacriores
797 3899 883 3955 laetos
906 3917 966 3957 esse
983 3893 1013 3972 ¹).
1052 3899 1149 3956 lleiude
1172 3900 1224 3954 uisi

144 4068 326 4143 tamquam
342 4078 455 4127 arduum
471 4078 641 4129 ealdelibro
667 4087 788 4143 cerri-sset,
820 4087 863 4131 set
892 4082 933 4131 sic
957 4083 1015 4132 iera
1043 4081 1223 4146 subplemlum

119 4149 220 4221 bucata,
237 4165 315 4214 cuites
328 4170 454 4213 naturum
467 4170 641 4229 perspectam
669 4167 735 4216 mihi
747 4167 849 4216 videri:
869 4171 958 4233 praesti,
978 4170 1013 4216 erit
1026 4170 1054 4216 Ι).
1071 4170 1181 4216 {duilium
1198 4174 1223 4214 ut
1300 4202 1303 4207 >

120 4248 155 4288 ²⁰⁸1
176 4243 287 4311 habeas,
325 4256 418 4298 tamen
447 4264 501 4298 nou
530 4250 639 4313 tacebo,
667 4269 737 4300 suom
754 4268 868 4301 narrassem
894 4257 1036 4317 susciperet
1059 4254 1157 4317 puldice
1182 4268 1223 4301 ro-

117 4318 191 4379 leoni
210 4331 296 4382 locum
320 4333 501 4398 apertissume
528 4334 640 4385 lacuno-
665 4344 757 4401 pirates
771 4340 954 4401 peruenissent.

118 4419 159 4460 mm
176 4430 224 4466 non
245 4434 306 4469 cnm
329 4419 458 4485 Hageuio
481 4426 566 4469 essent
581 4436 639 4484 per-
