2768 5010
131 351 149 411 6
450 367 675 410 ursroamsvu
698 367 760 409 rna.
785 369 796 408 1
831 360 905 412 ts—
919 358 959 411 18.

132 526 277 584 rusurputum
296 521 439 569 concinnius
458 524 501 567 out
518 520 704 582 congruentius.
739 517 859 567 Tantum
880 518 1057 582 antiquitatis
1076 530 1175 566 curae
1201 552 1207 564 .
1227 531 1276 581 pro

133 589 235 638 Italica
254 593 334 652 geute
354 586 505 636 maioribus
525 587 660 636 Sallustius·
678 591 722 634 uit.
760 587 928 651 Auliqrcilutr‘s
950 585 1049 634 uerbum
1072 587 1202 642 usitatum,
1230 587 1278 633 sed

133 673 253 722 nusquam
270 652 342 720 [co]
364 671 439 704 seusu
457 660 603 718 unu-putum
623 651 738 719 [aspersi
755 653 851 702 Malim
870 650 912 718 ot]
936 653 1017 718 probe
1039 655 1170 702 adscitum.
1213 652 1277 700 rium

133 727 204 788 uoipo
228 725 321 772 dicitur
343 723 411 787 quod
430 726 515 786 potitus
538 722 572 771 sit
596 724 721 786 antiquius
743 736 807 770 esse.
849 721 915 770 Inde
938 723 995 784 ipsu
1017 720 1138 770 Sallustio
1160 722 1276 769 derivato

136 790 330 856 [Sequentibus
348 790 440 840 verbis
457 790 561 838 Fronto
580 789 631 838 boe
650 788 752 837 dixisse
770 788 890 848 videtur,
909 789 997 852 ipsum
1016 787 1082 836 Sall.
1103 787 1172 851 qnod
1192 787 1276 836 inusi-

134 864 221 908 tatum
239 857 403 908 vocabulum
423 862 508 913 esset,
528 857 655 922 sequenti
673 856 757 904 verbe
778 853 952 920 explicasscl.
976 882 1010 892 -
1033 856 1109 904 Serv.
1135 854 1170 902 ad
1192 855 1276 918 l'erg.

135 926 184 976 Ge.
203 926 231 976 11
248 924 311 974 209:
336 926 512 990 Antiquusque
531 926 623 978 donus.
644 930 797 972 enarravero
809 929 926 989 antiquus
944 931 987 972 orit
1005 940 1090 973 curus.
1127 924 1277 972 Salluntinos:

87 1050 90 1058 ,
133 995 252 1043 ‘lautum
271 993 447 1057 antiquitatis
467 1007 603 1056 ciuesque
623 991 772 1039 maloribus
791 1008 839 1055 pro
858 991 960 1040 Italica
979 997 1061 1054 gerite
1084 991 1145 1039 luit.
1182 990 1222 1039 ld.
1243 989 1285 1038 ad'

81 1098 88 1110 .
133 1063 200 1112 den.
220 1060 329 1110 11635:
354 1065 520 1125 ‹auiquusque
544 1061 643 1117 domos,
667 1075 744 1108 curus
767 1058 921 1121 (Sallustius
946 1058 1121 1123 antiquitatis
1140 1072 1278 1122 curaeque

133 1145 182 1195 pro
200 1128 302 1179 Italica
320 1127 442 1193 geute).'

217 1196 260 1246 Dc
280 1197 355 1259 loco,
381 1211 460 1260 quam
483 1194 553 1244 haec
577 1195 663 1244 verba
682 1195 834 1257 tenuerim,
856 1194 997 1244 adsentior
1014 1193 1137 1244 Linkero
1156 1193 1190 1243 de
1210 1192 1277 1242 Sall.

133 1263 198 1315 bist.
217 1280 337 1329 prooem.
356 1280 381 1328 p.
402 1263 443 1313 57.

220 1385 236 1418 ⁸
252 1384 288 1442 15
318 1382 378 1462 [liv.
392 1385 484 1448 11181,
500 1384 510 1438 l
525 1388 554 1437 li
569 1386 610 1441 cd.
627 1386 727 1443 noviss.
741 1386 770 1440 u.
784 1385 835 1440 inc.
848 1379 906 1460 67].
950 1379 1027 1441 Gilua
1050 1380 1162 1440 Inuum
1185 1380 1278 1439 eutul-

135 1483 191 1544 bus
212 1482 260 1542 lex
283 1483 392 1542 Licinia
416 1489 507 1543 taetra
531 1481 615 1542 luit'

220 1584 299 1632 Haec
324 1584 410 1633 verba
435 1583 470 1632 ab
489 1583 622 1634 Gledonio
641 1600 667 1648 p.
689 1582 752 1633 lusu
770 1585 800 1632 Ρ.
827 1583 861 1633 ob
880 1584 1112 1648 praepositionem
1130 1583 1197 1631 uitro
1216 1597 1280 1631 eon·

136 1657 287 1702 memorata
307 1656 439 1715 conrupta
458 1651 498 1700 ibi
517 1652 657 1716 leguntur:
678 1679 707 1686 —
719 1654 763 1701 lere
782 1652 898 1700 herennio
912 1653 1002 1714 frutra
1017 1654 1076 1714 sirii.
1112 1651 1220 1699 Primus
1239 1650 1281 1698 eis

136 1718 227 1768 lucam
247 1718 349 1767 adtulit
362 1717 503 1768 Casselius
522 1717 577 1783 (ap.
596 1719 684 1768 Kritz.
698 1735 724 1783 p.
737 1715 816 1781 ⁴273)‚'
829 1734 890 1767 cum
909 1719 1076 1768 acutissume
1093 1718 1282 1783 perspexisset

136 1787 164 1835 in
183 1787 301 1836 Lucania
319 1786 407 1836 latere
427 1787 527 1836 diutule
546 1792 574 1836 et
592 1786 647 1836 dici
667 1786 700 1836 da
718 1786 781 1850 lege
800 1787 911 1835 uicinia
930 1786 1036 1846 Mucia,
1057 1802 1082 1834 a.
1101 1784 1152 1834 659
1170 1783 1224 1845 (stt
1245 1785 1280 1832 ab

136 1869 206 1904 coss.
225 1855 257 1903 L.
276 1854 387 1904 Licinio
407 1854 507 1903 Crasso
523 1855 556 1916 Q.
570 1854 663 1903 Mucio
676 1853 813 1908 Scaevola
826 1853 934 1917 perlata
953 1853 1015 1914 (cir.
1030 1851 1280 1916 thtling.'Geseb.

136 1921 162 1971 d.
182 1937 203 1970 r.
223 1920 388 1971 Staatsverf.
408 1938 435 1987 p.
454 1920 524 1984 449).
561 1923 619 1970 lam
644 1937 677 1970 ex
702 1922 793 1970 verbis
819 1921 934 1970 Orunibus
957 1925 1025 1970 citro
1047 1922 1145 1969 Padum
1163 1920 1281 1984 apertis·

136 2003 241 2038 sumum
265 1995 308 2038 cst
336 1989 481 2056 sqripsisso
507 1988 668 2039 Sallustium
687 1988 720 2037 de
739 1989 780 2050 vi,
810 2003 891 2053 quam
913 1989 962 2037 illa
982 1989 1026 2038 lex
1045 1988 1079 2036 ad
1097 1987 1214 2037 italicos
1233 1986 1281 2035 ba-

135 2057 250 2106 buisset.
287 2057 376 2121 Igitur
400 2056 541 2106 Casselius
566 2056 739 2106 scribendum
759 2056 938 2105 existumavit
953 2057 1045 2116 fraudi
1059 2057 1122 2118 suit.
1146 2055 1199 2105 boo
1225 2053 1283 2103 dici

137 2125 300 2174 arbitratus:
327 2124 416 2188 legem
440 2124 517 2173 illam
541 2125 666 2174 omnibus
684 2123 793 2173 Italicis
812 2139 974 2188 pergratum
993 2124 1079 2172 fuisse
1098 2137 1281 2186 magnamque

136 2193 178 2241 cis
197 2192 331 2241 adtulisse
351 2192 507 2241 molestiam
526 2196 609 2256 atque
627 2191 837 2241 incommodum.
874 2192 922 2239 Set
935 2207 996 2240 eum
1006 2191 1083 2250 fruens
1095 2205 1159 2238 vere
1173 2205 1205 2238 ac
1219 2205 1281 2254 pro·

136 2259 194 2324 prie
214 2260 323 2309 dicatur
342 2259 375 2308 de
395 2259 557 2309 calamitate
573 2259 763 2324 periniurium
783 2258 880 2319 inlata,
898 2258 975 2307 illam
987 2264 1079 2307 autem
1092 2257 1181 2322 legem
1192 2262 1224 2304 ut
1242 2257 1282 2305 iu·

136 2327 306 2391 prudentem,
327 2327 368 2375 ita
387 2327 573 2375 iustissumam
588 2327 672 2376 iulase
686 2332 794 2376 constet
805 2326 936 2386 tblomms.
947 2325 1018 2374 ltu..
1030 2326 1056 2375 lI
1067 2333 1091 2389 p.
1103 2321 1177 2388 214),
1191 2325 1282 2373 minus

136 2392 165 2442 id
182 2393 327 2458 probabile
346 2393 463 2443 videtur.
501 2394 580 2455 Quod
603 2394 726 2443 sentiens
748 2392 840 2455 blitbly
862 2393 930 2441 Nov.
956 2395 1024 2441 ilari.
1049 2392 1177 2442 LXXVII
1200 2408 1228 2456 p.
1247 2390 1282 2439 80

137 2457 258 2511 euvhieeit
274 2461 447 2521 sursumsunt,
467 2462 496 2510 in
509 2461 581 2526 quod
594 2461 650 2510 iam
663 2467 727 2510 ante
741 2477 803 2510 eum
822 2460 961 2509 inciderat
973 2462 1096 2525 Wagner
1109 2460 1169 2509 Act.
1189 2474 1282 2523 gymn.

136 2529 176 2578 lx
194 2545 220 2593 p.
243 2527 299 2577 tus.
333 2528 467 2593 Setquid
486 2527 594 2578 idest?
633 2528 703 2577 Num
727 2528 768 2577 illi
792 2528 882 2593 legem
907 2543 968 2577 eam
986 2543 1040 2576 non
1058 2526 1221 2577 observasse
1242 2526 1282 2574 di-

137 2597 252 2646 cuutur?
293 2596 335 2644 An
360 2596 389 2643 in
411 2595 519 2644 illorum
543 2596 648 2645 animos
671 2611 725 2644 uon
749 2612 810 2644 eam
833 2596 888 2645 vim
911 2595 1021 2654 habuit,
1048 2609 1128 2658 quam
1153 2592 1283 2643 consules

107 2696 110 2701 -
137 2665 373 2728 expectaverant?
408 2663 540 2711 Neutrum
564 2663 620 2712 dici
643 2664 746 2727 potuit3
770 2678 834 2711 num
858 2663 904 2726 qui
928 2669 1025 2712 contra
1042 2662 1131 2726 legem
1151 2662 1194 2710 ius
1213 2662 1283 2709 civi-

136 2730 204 2780 tatis
216 2731 269 2779 sibi
282 2730 470 2794 adrogassent,
491 2731 531 2779 eis
544 2746 650 2794 poenae
670 2731 837 2780 constitutae
850 2735 937 2788 erant,
956 2737 984 2779 et
997 2744 1059 2777 num
1078 2728 1206 2778 consules
1225 2734 1282 2776 tam

137 2797 231 2847 stolidi
255 2798 345 2858 suere,
376 2803 406 2846 ut
429 2803 573 2862 sperarent
596 2797 685 2863 legem
709 2813 786 2847 suam
808 2796 916 2847 Italicis
940 2804 1047 2861 gratam
1071 2797 1148 2845 iore?
1189 2798 1282 2856 Quiane

137 2865 302 2915 existumavi
321 2865 497 2914 scribendum
517 2880 577 2915 esse
590 2872 692 2921 taetro,-
711 2871 842 2914 terrorem
856 2866 956 2930 quippe
969 2870 997 2913 et
1009 2880 1143 2913 sunnmam
1156 2863 1283 2925 indigua-

136 2933 240 2982 tIouem
260 2933 344 2982 sociis
363 2933 503 2991 iniecisse,
524 2948 590 2998 ergo
604 2939 724 2983 taetram
738 2933 826 2981 visam
840 2948 900 2981 esse
914 2938 1023 2981 constat
1042 2933 1115 2991 (Asc.
1131 2932 1158 2980 in
1172 2929 1282 2980 Cornel.

136 3016 161 3064 p.
181 2997 213 3048 67
233 3000 275 3049 cd.
295 3002 339 3048 Or.
359 3017 390 3049 eu
408 3004 462 3064 lege
481 3005 517 3049 itu
535 3003 640 3050 uiienuti
660 3002 735 3049 unicui
756 3006 814 3048 siunt
835 3004 979 3063 principum
1004 2999 1152 3048 Ituiiroruru
1171 3002 1281 3062 populo·

136 3083 196 3126 rrum,
217 3074 242 3115 ut
261 3074 292 3117 eu
309 3071 349 3117 uei
365 3085 481 3118 urrunnun
498 3084 590 3117 canusso
608 3068 666 3118 belli
684 3068 771 3117 Iiuliri
785 3067 885 3130 suerii).

226 3185 263 3245 16
293 3186 353 3265 [tir.
370 3192 409 3243 lu.
432 3190 462 3244 G.
480 3186 537 3265 49].
585 3186 659 3246 'lum
686 3204 754 3245 vcro
779 3184 895 3245 Etrusci
928 3204 994 3245 cum
1018 3186 1123 3245 ceteris
1151 3184 1283 3243 eiirsdum

138 3305 260 3348 caussae
283 3287 388 3347 illicem
413 3296 588 3348 selinuntos
611 3289 665 3347 vati
688 3305 826 3347 rrraxumo
848 3286 955 3362 gervilio
975 3285 1085 3346 bellum
1108 3287 1238 3345 inritare.

222 3390 290 3437 Nou.
311 3406 336 3452 p.
357 3388 386 3436 '21
408 3389 439 3437 li.
465 3388 581 3437 Inriiure
600 3389 692 3438 dietum
710 3396 748 3438 cst
765 3390 874 3452 propr-ic
890 3404 1051 3451 prouocare,
1076 3394 1182 3434 tunulum
1206 3404 1223 3434 u
1240 3405 1283 3435 uu-

137 3456 216 3512 nibus.
237 3461 280 3521 qui
295 3472 349 3505 eum
366 3463 538 3520 pnroooooutur
555 3459 665 3504 inruunt.
690 3483 722 3491 -
747 3455 893 3504 Sallustius
912 3456 984 3503 llist.
1004 3455 1050 3503 lib.
1072 3455 1096 3503 l:
1119 3455 1197 3502 'lune
1217 3470 1283 3503 vero

138 3531 166 3572 et
179 3525 254 3588 posci
270 3539 329 3572 eum
344 3525 445 3572 ceteris
459 3523 580 3573 eiusdem
594 3540 696 3573 canisae
710 3523 805 3572 ducem
820 3539 849 3571 se
869 3527 966 3571 tractus
979 3523 1034 3570 rati
1047 3522 1165 3570 unianimo
1179 3522 1283 3586 grruulio

137 3591 239 3641 bellmn
254 3592 368 3640 inritare
389 3589 450 3655 [ern.
465 3590 570 3655 bleral.
591 3619 630 3636 vu.
640 3592 721 3657 Artis.
735 3608 761 3656 p.
775 3590 840 3638 tlt:
861 3590 956 3638 Inuiiut
970 3590 1065 3639 beluina
1096 3588 1152 3638 sal.
1168 3588 1240 3642 llist.
1256 3591 1282 3638 l:

138 3659 256 3708 rrraxirno
276 3659 377 3722 gaudio
397 3659 497 3708 bellum
518 3659 643 3707 Inritare.
762 3696 765 3703 .

223 3728 264 3775 lle
284 3743 313 3775 re
333 3727 382 3775 cir.
403 3729 520 3791 Appiau.
540 3727 565 3774 b.
587 3742 610 3774 c.
630 3726 643 3775 1
661 3725 694 3774 tu
712 3743 753 3790 sq.

223 3845 293 3903 *17
319 3844 378 3924 [ΚΓ.
395 3852 434 3902 Ιῖ.
452 3851 481 3902 u.
498 3844 556 3923 69].
591 3844 661 3903 l'ost
683 3844 876 3903 deiectionem
900 3845 1046 3902 socierum
1068 3849 1096 3902 et
1118 3843 1189 3901 bati.

221 3946 324 3993 Donat.
345 3945 379 3993 ad
399 3946 460 3993 Tor.
480 3945 531 3993 Ad.
551 3946 592 3993 lll
611 3945 635 4005 4,
653 3943 696 3992 12:
714 3946 798 3993 socius
816 3945 908 4007 deficit,
925 3961 1024 4007 purius
1041 3945 1137 4006 prodii,
1156 3951 1282 4007 perbonus

137 4014 240 4061 ‹ieeur-it.
279 4014 321 4059 Su·
340 4015 473 4061 Sallustius
492 4019 554 4077 post
573 4012 757 4061 ‹leieetionem
777 4014 913 4062 saelorum
933 4019 960 4061 ct
979 4013 1062 4060 Initii.

224 4080 285 4128 Luli
302 4080 450 4143 intellegas
468 4083 593 4129 sociorum
611 4082 715 4128 uroruinis
733 4082 813 4128 inlini.

227 4181 263 4240 ts
287 4181 346 4259 [liu.
366 4190 408 4239 uu.
434 4188 463 4237 u.
491 4181 545 4260 19].
590 4181 660 4251 Quis
689 4180 778 4240 rebus
807 4180 886 4240 Sulla
916 4183 1282 4259 suspectisuuruxuincqm

137 4283 244 4343 luroris
268 4284 346 4355 rugis
369 4282 542 4342 llitluiulutis
564 4284 593 4340 iu
617 4289 750 4360 terrrpurc
773 4281 917 4341 bellaturi.

222 4383 300 4432 drus.
321 4399 346 4448 p.
366 4382 429 4430 241:
455 4382 487 4431 Iu
505 4389 619 4446 teurpore
637 4388 654 4432 i.
673 4400 696 4433 e.
715 4389 848 4448 oportune.
891 4383 944 4432 Sol.
965 4384 1034 4433 liat.
1055 4383 1082 4433 I:
1106 4383 1175 4446 Qiris
1198 4383 1282 4434 rebus
