2768 5010
514 745 878 834 PRAEFATIO.

212 962 296 1043 Cum
314 1001 433 1061 semper
450 985 547 1042 animo
563 988 629 1042 rtreo
648 984 776 1042 recurrit
793 984 1009 1044 ioeumlissuma
1020 985 1104 1046 -illius
1126 989 1266 1065 temporis

119 1102 305 1168 recordatio,
328 1101 406 1179 qnod
428 1101 568 1162 antelios
593 1102 644 1160 tris
664 1119 756 1160 annos
777 1102 891 1161 lionaei
914 1105 1042 1179 transegi
1065 1111 1093 1162 et
1114 1122 1167 1181 per
1188 1105 1267 1182 qnod

119 1219 231 1278 cotitlie
257 1220 482 1288 cousuetudine,
512 1219 682 1297 conloquio,
711 1220 799 1279 ileum
822 1220 884 1280 'lna
908 1239 978 1280 usus
1000 1239 1080 1289 sum,
1109 1229 1266 1281 uun-nuu-

120 1356 214 1413 qnam
238 1339 349 1413 gratior
371 1344 400 1397 et
420 1341 510 1415 magis
530 1340 608 1406 riva,
631 1357 718 1417 quam
741 1356 818 1399 nuuc
841 1339 892 1398 nlri
916 1339 993 1398 lnrne
1016 1338 1123 1398 lilunm
1145 1341 1289 1410 emisso,

122 1474 177 1513 rus
206 1474 280 1514 siun.
330 1456 372 1515 lei
401 1475 487 1534 quem
518 1438 612 1534 ipsum
642 1457 804 1534 guarandum
838 1458 1100 1536 instruendumque
1131 1458 1190 1524 Tu,
1225 1459 1268 1518 vir

124 1575 329 1642 arnicissnme,
355 1594 402 1634 me
422 1592 481 1634 aron
498 1576 586 1635 morlo
608 1574 736 1635 consiliis
759 1576 1003 1653 punientissumis
1026 1595 1059 1636 ao
1082 1577 1268 1636 ‹loettssnmis

125 1694 287 1752 excitaristi
316 1713 348 1751 ac
380 1695 530 1761 monuisti,
559 1713 659 1753 rernm
694 1697 780 1755 etiam
808 1695 906 1755 multis
935 1693 1106 1772 magnisque
1136 1712 1268 1754 sinnmae

127 1810 309 1869 lilreralitatis
338 1833 370 1871 ae
403 1813 613 1873 lreniroleutiae
644 1814 746 1872 olliciis
775 1814 907 1873 adiuvisti
935 1821 1022 1891 atque
1051 1790 1266 1872 contirrnaristi.

67 1915 72 1924 ⁴
127 1934 191 1996 tina
219 1949 249 1986 re
281 1932 305 1989 si
333 1930 401 2008 igniri
427 1931 555 1991 utilitatis
584 1951 618 1990 en
648 1932 702 1991 irae
730 1951 794 1992 mea
817 1950 905 2009 intera
929 1932 1152 1996 reiluinlmerit,
1181 1949 1268 1990 nemo

126 2048 181 2106 silli
209 2051 271 2106 eius
302 2025 569 2110 l'rnctum'maiore
598 2052 662 2110 iure
692 2050 839 2109 vindicare
870 2052 977 2127 iuuerit
1005 2069 1092 2128 qnaun
1122 2049 1180 2117 Tu,
1214 2024 1293 2109 neo!

126 2168 287 2243 ‹uriilqnam
309 2188 363 2245 ego
386 2167 455 2228 milri
474 2170 566 2246 magis
584 2168 716 2245 religioni
739 2169 815 2228 clueo
837 2169 891 2228 nisi
913 2175 945 2226 ut
965 2169 1059 2245 insum
1077 2185 1151 2244 opus
1172 2186 1268 2226 urenrn

126 2288 166 2362 pii
192 2305 226 2343 ac
245 2288 318 2375 grati
341 2305 409 2362 erga
433 2287 475 2347 Te
497 2289 584 2346 animi
608 2287 757 2365 pullicum
781 2295 1002 2347 munumentum
1030 2294 1115 2346 extet.
1162 2287 1268 2354 Quam·

125 2424 218 2482 qnmn
239 2405 326 2481 igitur
347 2423 433 2482 «iriam
458 2424 563 2483 parum
583 2406 773 2484 aurulissumo
787 2405 851 2464 'l'uo
869 2408 986 2465 nomine
1006 2405 1125 2482 (lignum
1149 2405 1184 2462 sit
1198 2405 1270 2481 ipse

125 2525 291 2600 persentio.
309 2530 405 2583 tamen
422 2543 479 2583 uon
497 2524 611 2588 tutuo,
631 2524 669 2583 ob
684 2526 771 2583 animi
791 2525 847 2582 mei
863 2512 1059 2583 sinceritatem
1076 2524 1167 2600 magis
1183 2540 1269 2600 iuram

126 2641 167 2698 oli
196 2644 285 2718 ipsius
315 2642 484 2715 dignitatem
512 2643 577 2702 ritu
606 2650 721 2720 gratum
752 2651 963 2720 aeceutumqm·
994 2643 1066 2700 lore
1118 2643 1183 2709 Set,
1213 2659 1269 2718 qna

127 2762 234 2818 eximia
264 2779 294 2818 es
324 2761 518 2828 immanitate,
549 2780 607 2819 non
627 2761 742 2827 ilulrito,
775 2763 844 2839 quin
867 2761 936 2819 nilul
960 2761 1023 2820 Tuo
1050 2760 1199 2837 splendori
1220 2759 1269 2817 tle·

127 2887 255 2936 tractum
282 2880 455 2955 eguiraturus
477 2881 529 2946 sis,
560 2883 583 2939 si
605 2881 661 2939 ime
685 2880 749 2939 loco
772 2878 888 2957 polilice
911 2882 951 2938 eis
973 2881 1040 2938 riris
1063 2878 1267 2955 numlissnmis,

129 2996 368 3068 inlustrissmnis,
403 2999 607 3060 ilentissninis.
643 3001 691 3076 qni
727 2999 796 3058 milri
833 3000 861 3056 iu
895 2997 951 3056 lior
987 2997 1062 3057 lilno
1098 2994 1267 3055 ailoruanelo
1337 2995 1338 2998 ’

128 3115 262 3190 opitulati
307 3123 394 3182 snut,
436 3119 543 3193 gratias
580 3117 696 3193 unlrliee
733 3135 841 3191 egero,
879 3115 1009 3186 Heinsio,
1048 3116 1269 3186 Dureruturgio,

130 3236 341 3303 llinulzitrro,
365 3234 471 3311 uirilius
491 3254 565 3311 cuiae
589 3235 781 3295 bibliothecae
804 3236 950 3295 l’arisinae
973 3235 1127 3297 tielrentnr.
1152 3238 1270 3308 aiu-epta

129 3355 245 3418 emero,
271 3353 469 3423 Betlrrmumo,
494 3352 687 3413 laililiotlnnrae
713 3353 958 3432 Guellerlmtanae
983 3387 1016 3395 -
1044 3351 1088 3411 rel
1112 3359 1142 3410 nt
1164 3351 1273 3409 rectius

130 3470 348 3529 l'leelmiseuins
381 3478 478 3531 noster
511 3473 624 3548 scripsit
656 3471 948 3542 ll'nlllinlmttelonae
975 3496 1018 3513 ·-
1054 3471 1188 3535 autistiti,
1224 3469 1274 3545 qui

129 3590 202 3647 milri
227 3579 591 3669 litu-rulissumc.'codicum
613 3590 864 3668 insiriciumlorum
885 3592 998 3667 iamiam
1020 3590 1101 3652 llicit,
1124 3590 1152 3646 iu
1172 3586 1274 3663 prinus

129 3728 202 3766 iero
232 3712 340 3766 t'urolo
361 3709 509 3769 Ludorieo
532 3710 636 3769 liuticio
659 3709 832 3773 llasilmmsi,
864 3711 912 3787 qni
943 3707 1082 3767 nonnulla
1111 3726 1185 3783 uum
1211 3705 1273 3780 ipse

127 3828 222 3885 niulta
247 3846 316 3884 eura
337 3847 370 3884 ae.
392 3826 538 3905 diligentia
563 3829 599 3887 ml
623 3828 770 3887 eilnmlum
789 3827 955 3887 Sallustiani
979 3831 1147 3903 paraverat,
1172 3823 1273 3882 luuna·

127 3950 263 4005 uissume
283 3945 352 4005 nulii
372 3949 524 4006 noncessit.

220 4065 260 4123 tn
291 4066 420 4133 ratione,
450 4085 537 4144 iliram
563 4069 592 4124 iu
622 4065 782 4125 scriluuulo
808 4072 925 4124 smnlus
946 4083 1025 4131 sum,
1049 4082 1140 4141 parua
1163 4066 1274 4119 tanturn

126 4184 280 4245 nummula
304 4194 383 4261 puto.
424 4188 463 4244 Αε
488 4187 614 4262 priuunu
636 4184 752 4262 nniilem
777 4203 879 4243 vereor
902 4203 938 4243 ue
961 4183 1043 4242 rutilii
1067 4183 1135 4240 milri
1161 4178 1274 4238 crimini

125 4307 227 4365 «laturi
256 4305 331 4370 siut,
361 4305 438 4383 qriocl
467 4323 525 4363 nou
554 4304 647 4382 pluris
672 4302 787 4363 Sallusti
811 4304 926 4362 cmlices
956 4303 1150 4363 excluserim.
1181 4314 1275 4377 neque
