2768 5010
423 378 726 426 conanararroauu
750 379 821 424 aaa.
845 380 876 427 a.
1162 358 1222 429 llil

166 535 223 610 lug.
246 542 294 599 89.
316 541 332 596 7
366 537 500 593 rationem
523 538 680 594 emendandi
709 537 796 612 putidi
819 545 846 594 el
870 537 984 594 inauditi
1011 534 1085 596 illius
1106 537 1221 610 Africa,

82 654 155 710 qaae
174 639 282 709 procul
303 656 321 693 a
344 642 420 694 mari
444 641 580 695 incultius
600 642 717 712 opacat,
749 640 820 714 quod
849 638 967 695 minume
992 639 1146 696 defenditur
1172 641 1221 703 eis,

82 758 150 814 quae
172 740 293 796 liritaius
315 741 348 797 ad
369 740 426 815 lug.
449 751 490 804 55,
511 747 528 798 2
549 741 680 804 cuntulit,
710 748 784 797 recte
805 741 845 796 vir
868 742 1067 814 sagacissumus
1088 741 1222 799 Liulrerus

81 843 215 903 ostendit:
239 859 253 898 a
276 860 331 916 quo
355 843 382 898 iu
404 860 437 898 ea
463 851 567 899 tantum
588 843 709 904 discessi,
734 843 806 916 quod
828 861 889 899 cum
910 844 1015 918 optumi
1035 843 1098 899 libri
1121 844 1223 916 apelrat

81 943 254 1006 exhiberent,
285 944 391 1000 facilius
413 953 441 1000 ct
463 946 495 1000 ad
518 945 682 1001 sententiam
705 945 795 1018 aptius
824 947 964 1016 apcbatar
992 962 1072 1019 quam
1100 946 1223 1017 opedani

81 1045 162 1101 scribi
174 1046 340 1102 existumavi.
371 1046 406 1103 Ea
417 1055 508 1102 autem
520 1047 707 1103 calendatiouc
720 1053 828 1120 recepta
840 1046 920 1102 etiam
933 1045 1039 1103 facilius
1052 1045 1222 1121 probabitur,

82 1147 153 1220 quod
175 1165 257 1222 supra
280 1166 305 1221 p.
329 1155 365 1211 88
393 1149 505 1222 exposui
532 1151 588 1205 illis
615 1166 666 1222 pro
688 1148 853 1222 glossemate
879 1148 1031 1206 habendum
1057 1165 1132 1211 esse,
1160 1166 1222 1206 oum

82 1249 120 1304 sic
143 1247 276 1306 ultumdm
296 1250 444 1306 membrum
464 1251 497 1305 ad
516 1251 609 1322 ibique
627 1257 655 1306 et
672 1253 701 1307 ia
723 1253 801 1306 omni
819 1248 923 1321 Africa
945 1251 1089 1308 referatur.

165 1385 221 1458 lug.
246 1392 288 1448 92,
311 1396 327 1446 5
349 1386 421 1461 quod
441 1384 578 1442 difficilius
601 1393 644 1441 set
672 1385 705 1440 ab
733 1385 868 1442 latinitate
890 1405 945 1443 uon
968 1387 1085 1443 alienum
1102 1389 1222 1460 flamine

81 1485 235 1542 Malachae
257 1483 423 1562 receperim,
452 1505 506 1543 non
530 1504 625 1544 vercor
650 1504 683 1543 ne
713 1504 728 1542 a
753 1487 849 1561 peritis
873 1488 1046 1545 vehementer
1072 1489 1220 1565 vituperer,

82 1606 129 1644 nec
155 1589 242 1662 magis
265 1589 338 1662 quod
360 1586 526 1664 paulopost
547 1607 579 1645 ex
601 1606 648 1652 eo,
678 1589 704 1644 in
733 1606 787 1662 quo
814 1591 999 1646 vetustissumi
1023 1590 1085 1646 libri
1107 1609 1222 1648 consen·

83 1690 152 1746 liunt
174 1693 269 1746 omnia
290 1699 397 1746 actara
416 1691 587 1765 scribendum
612 1691 715 1747 conieci
738 1693 828 1747 oarais
850 1710 868 1747 a
890 1699 1014 1762 catara,
1047 1693 1120 1767 quod
1149 1701 1221 1750 rcctc

81 1791 180 1846 dictum
204 1808 264 1847 esse
284 1792 445 1855 ostendunt,
472 1810 539 1867 quae
563 1792 681 1848 llandius
705 1793 782 1848 Turs.
806 1794 814 1848 l
836 1812 862 1868 p.
884 1800 919 1854 28
939 1812 999 1868 sqq.
1028 1803 1056 1850 ct
1076 1794 1165 1850 Peter.
1188 1795 1221 1851 ad

81 1892 131 1948 otc.
154 1894 198 1949 Or.
220 1899 312 1955 1237
335 1912 361 1967 p.
383 1900 435 1955 123
455 1894 635 1968 disputavere.

164 2029 221 2103 lug.
244 2035 286 2092 93.
310 2036 327 2089 f
349 2029 480 2085 liniacus
503 2039 530 2086 ot
551 2029 671 2087 Kritzius
694 2028 786 2085 Orellii
816 2030 1000 2087 coniecturam
1029 2032 1141 2088 castelli
1154 2033 1221 2103 pla·

82 2133 173 2186 aitiem
190 2134 338 2204 perrepsit
359 2122 570 2206 comprobavere,
595 2150 674 2207 quam
692 2140 794 2187 tautum
813 2131 891 2188 abest
914 2142 944 2188 ut
963 2134 1167 2207 reprehendam,
1189 2140 1220 2189 ul

81 2231 184 2289 laudern
208 2242 236 2289 ct
259 2234 426 2307 ingeniosam
450 2234 573 2290 iudicem.
619 2234 666 2290 Set
685 2234 708 2289 si
737 2232 869 2291 libiorum
899 2234 1049 2309 scripturas
1070 2233 1221 2309 perlustra·

82 2336 205 2398 serimus,
228 2335 282 2391 duo
300 2336 419 2393 ridemus
434 2337 631 2410 antiquissuma
649 2352 724 2391 esse:
746 2338 776 2391 ia
793 2337 943 2408 planitiem
955 2339 1090 2408 peruenit
1111 2345 1139 2392 et
1154 2338 1221 2408 pla·

82 2439 174 2494 aitiem
196 2439 361 2509 perscribit,
379 2440 555 2511 perscripsit
577 2437 735 2515 pauciorum
759 2445 787 2494 ct
814 2438 998 2495 recentiorum
1021 2456 1090 2496 esse.
1135 2436 1219 2506 Quam

82 2540 230 2613 scripturae
243 2539 428 2595 diversitatem
443 2558 497 2613 quo
510 2540 564 2596 alio
579 2539 658 2596 modo
671 2546 759 2595 natam
773 2557 832 2595 csse
845 2558 947 2613 censes,
964 2541 1016 2597 nisi
1030 2541 1057 2596 in
1071 2541 1220 2617 archetypo

82 2639 252 2696 obscuratam
264 2640 348 2697 fuisse
361 2641 472 2698 verbum
487 2644 609 2697 statuas?
631 2641 725 2697 Utrum
741 2650 831 2697 autom
846 2642 870 2698 ei
883 2642 954 2715 quod
972 2643 1103 2718 scriptum
1120 2644 1218 2708 fuerat,

82 2759 239 2814 proxumum
256 2761 287 2799 ac
304 2742 479 2799 simillumum
497 2744 617 2802 ridetur,
642 2746 671 2798 iu
691 2745 836 2814 planitiem
854 2747 1000 2814 pervenit,
1023 2746 1096 2820 quod
1114 2746 1220 2820 glcrssc·

82 2846 157 2899 matis
170 2845 288 2918 speciem
303 2853 396 2919 aperte
411 2863 477 2918 prae
490 2864 518 2901 se
534 2846 596 2907 fert,
610 2863 642 2899 an
653 2845 826 2916 perscribit?
853 2845 893 2900 nb
908 2854 971 2901 utro
984 2864 1050 2920 ergo
1066 2848 1218 2905 emendatio

82 2946 222 3018 repetenda
245 2948 306 3001 ost?
344 2946 391 3001 His
408 2948 512 3003 caussis
535 2947 673 3007 aalaluctus,
692 2947 764 3021 qrrod
781 2947 832 3002 iam
853 2955 931 3003 autea
951 2949 1132 3011 confeceram,
1149 2965 1219 3022 per·

81 3055 228 3102 scratatar
254 3048 372 3122 reposui.
407 3046 483 3115 Quod
513 3050 535 3106 si
560 3050 621 3123 quis
646 3051 794 3120 perrepsit
817 3049 842 3104 in
867 3049 1006 3107 normullis
1030 3050 1107 3107 libris
1130 3068 1219 3107 serva·

82 3157 134 3204 tum
162 3167 222 3205 csse
246 3150 397 3212 monuerit,
427 3168 485 3206 eam
509 3149 613 3206 librarii
635 3150 739 3224 sagacis
763 3158 790 3205 et
820 3152 892 3207 acuti
919 3153 1133 3210 emendationem
1159 3170 1219 3209 esse

83 3257 179 3307 taneto.

161 3389 197 3445 llo
219 3387 280 3443 laco
300 3395 347 3449 si.
371 3397 381 3448 l
409 3388 537 3463 quoniam
560 3389 612 3463 ipsi
640 3387 1122 3466 libriemendationempraebuere,
1151 3389 1218 3448 nibil

82 3488 178 3549 alicam,
207 3499 248 3546 set
274 3491 355 3565 paulo
381 3501 444 3566 post
463 3497 493 3553 ⁸2,
523 3509 684 3565 qumnquam
713 3509 801 3564 nequo
825 3491 958 3548 Lirrlrerus
982 3511 1070 3567 neque
1099 3492 1219 3550 liritzius

81 3591 183 3647 adsensi
207 3601 288 3654 sunt,
318 3601 406 3649 tamea
434 3593 580 3649 etiamnum
605 3592 669 3647 illud
692 3593 764 3666 qutttl
787 3593 864 3649 Obss.
888 3613 912 3668 p.
935 3601 950 3655 7
973 3595 1042 3657 dini,
1075 3595 1220 3651 tenendum

82 3701 153 3764 puto,
176 3694 348 3750 scribendum
372 3714 432 3751 esso
456 3702 582 3751 actastae
611 3697 738 3763 radices,
766 3695 940 3751 confirmatus
966 3714 999 3753 co
1027 3697 1217 3771 potissumum,

82 3796 148 3865 quod
173 3797 199 3851 in
222 3814 248 3851 m
271 3814 345 3852 cour.
370 3797 395 3851 id
418 3798 514 3853 iuveni.
561 3797 653 3871 licque
675 3799 746 3858 eninr
769 3804 906 3853 vetustate
927 3801 1050 3854 eminere
1076 3808 1150 3855 recte
1179 3799 1219 3856 sio

80 3894 127 3950 sliri
149 3906 217 3971 puto
239 3899 352 3960 radices,
376 3916 444 3972 quae
466 3917 513 3954 sua
530 3880 664 3956 retarstatc
683 3900 771 3957 salum
793 3900 984 3975 perfregerint,
1008 3900 1151 3976 multoque
1169 3901 1219 3957 mi·

81 4013 126 4053 nus
149 4017 211 4055 curn
233 3999 337 4057 liritzio
357 4001 390 4056 dc
412 4003 483 4057 saris
506 4009 640 4057 vetustate
664 4002 793 4076 paulatim
812 4004 914 4066 adesis,
937 4003 1095 4066 maceratis,
1119 4002 1218 4060 solutis

81 4101 190 4172 cogitari
213 4119 296 4174 posse
318 4104 446 4159 coricedo.
500 4105 633 4160 Vetustae
657 4107 772 4161 radices
794 4112 874 4167 sunt,
897 4123 1012 4180 quarum
1034 4106 1146 4162 arbores
1167 4107 1218 4162 iam

80 4200 122 4256 diu
139 4218 234 4258 caesae
253 4213 300 4258 aut
322 4204 451 4277 procellis
472 4206 609 4262 subrutae.
649 4206 710 4262 lude
734 4225 789 4281 quo
811 4207 892 4262 modo
915 4214 1053 4264 aetttstate
1075 4209 1147 4264 nasci
1172 4226 1220 4283 po·

82 4305 174 4367 tuerit,
201 4304 249 4378 qui
272 4322 454 4380 quamsaepe
477 4306 584 4364 litterae
606 4307 640 4363 ab
663 4308 843 4365 oscitantibus
869 4302 988 4366 librariis
1012 4311 1144 4383 repetitae
1165 4311 1221 4368 siut

79 4407 245 4479 cognoverit,
268 4425 322 4464 nou
346 4407 530 4464 admirabitur.

144 4523 283 4574 Sauuusr.
307 4539 352 4574 au.
370 4524 509 4576 Dienses.
994 4511 1014 4572 9
