2768 5010
442 342 746 390 contererer-rosum
766 341 836 388 ces.
856 340 903 393 tv.
1213 319 1251 385 81

147 502 342 561 acroentiomm
364 501 498 560 librorum
521 511 572 564 est,
591 499 778 558 vetustissumi
799 507 827 557 et
850 498 954 574 optumi
976 500 1130 556 clamorem
1153 499 1197 555 eei
1209 506 1254 555 tu·

146 605 238 659 nullon
255 606 379 662 dosidem
401 604 539 667 exhibent,
562 604 631 660 unde
656 604 682 661 in
705 603 844 678 proxumis
866 604 900 659 cl.
924 603 1137 674 clientellum,
1162 601 1189 656 in
1211 618 1253 658 se·

145 706 261 779 questibus
280 707 339 764 aliis
359 706 434 763 aliod
458 707 557 762 iactum
576 714 626 763 est.
676 707 804 762 hostilem
825 703 901 761 solus
924 698 963 759 bl²
982 721 1042 780 sup.
1067 702 1124 766 lin..
1148 721 1199 779 pro
1218 721 1252 761 eo

142 807 239 863 lotias
258 826 325 867 nnus
348 809 378 864 Τ.
417 807 506 881 igitur
526 807 642 865 alterum
666 815 758 864 utrum
773 808 927 864 clamorem
945 815 992 862 aut
1011 808 1162 863 tumultum
1176 804 1252 880 glos·

142 925 201 964 sena
217 928 267 968 esse
287 919 400 968 certum.
430 909 557 984 Plerique
578 912 728 966 tumultum
751 909 918 972 iudicavere,
942 907 1024 965 credo
1044 907 1117 982 quod
1136 924 1186 984 per
1209 910 1254 965 vel

140 1007 205 1065 alteri
219 1013 363 1070 adiunctum
386 1020 468 1071 esset.
511 1013 545 1066 At
565 1011 644 1070 multi
666 1011 841 1068 inveniuntur
862 1011 924 1074 loci,
947 1010 976 1066 in
1001 1009 1100 1084 quibus
1116 1010 1252 1085 glossema

141 1118 192 1167 uo
206 1112 353 1171 uocabulum
373 1115 408 1171 ab
430 1116 565 1189 scriptore
586 1113 719 1188 scriptum
743 1113 859 1171 inlatum
881 1113 926 1168 sit.
970 1111 1004 1167 Et
1025 1121 1117 1169 utrum
1139 1112 1195 1168 reri
1216 1112 1251 1170 si·

140 1210 211 1270 utilius
229 1225 266 1272 est
286 1216 449 1292 explicatum
474 1234 549 1278 esse.
573 1218 727 1273 clamorem
748 1233 782 1271 an
803 1215 973 1272 tumultum?
1010 1213 1142 1270 binlrerus
1161 1223 1251 1271 autem

137 1312 241 1372 tomen
261 1317 287 1375 in
305 1319 489 1393 suspicionem
512 1318 633 1382 vocavit:
660 1316 760 1391 quibus
787 1317 820 1373 de
845 1315 949 1372 caussis
973 1332 1026 1389 ego
1050 1315 1175 1390 equidem
1196 1334 1251 1374 non

138 1417 256 1490 perspicio.
298 1419 364 1476 b'am
385 1436 474 1494 neque
495 1419 558 1475 libri
582 1404 728 1494 quidquam
747 1417 911 1492 suspicionis
928 1426 1036 1473 movent
1053 1425 1089 1480 et,
1111 1424 1142 1473 ut
1156 1417 1251 1476 abesse

138 1534 201 1591 posse
218 1521 363 1593 negandum
385 1538 440 1577 non
465 1529 520 1583 est,
548 1521 587 1578 sic
613 1529 686 1576 recte
708 1520 842 1577 adiectum
864 1515 943 1575 facile
961 1516 1141 1592 intellegitur.
1184 1520 1252 1577 Pro·

137 1618 195 1674 beto
210 1621 274 1678 enim
294 1623 383 1679 maios
404 1621 557 1697 periculum
578 1622 645 1684 luit,
672 1623 695 1678 si
721 1620 846 1679 lletcllus
872 1638 927 1677 non
954 1621 1044 1678 solum
1067 1622 1213 1680 tumultum
1235 1643 1250 1680 a

137 1726 200 1792 tergo
216 1725 328 1798 accepit,
354 1733 396 1780 set
417 1741 478 1781 eum
501 1723 641 1787 hostilem,
672 1723 690 1778 i.
712 1741 735 1779 e.
759 1723 792 1780 ab
815 1739 907 1798 pugna
929 1740 990 1780 cum
1010 1723 1136 1781 hostibus
1159 1734 1250 1783 ortum

137 1837 185 1878 esse
202 1826 328 1899 persensit
350 1824 410 1897 (clr.
431 1825 485 1881 ind.
508 1843 530 1880 s.
554 1824 596 1899 n).

203 1926 252 2000 lag.
274 1935 323 1990 61.
346 1935 365 1987 4
392 1926 497 1983 adhoc
520 1935 626 2002 tempus
648 1925 786 2000 volgatum
814 1934 856 1982 est
884 1934 912 1983 et
936 1928 1002 1983 inde
1031 1929 1151 1985 vadibus
1175 1931 1251 1987 datis
1348 1986 1351 1993 Α

138 2024 195 2079 elan
210 2027 347 2086 Massivae
375 2032 410 2086 de
439 2044 507 2085 nece
535 2030 670 2085 iodicium
694 2029 825 2101 superat.
874 2030 912 2086 Ac
940 2030 975 2085 de
1000 2028 1144 2086 Massivae
1172 2046 1250 2095 nece,

139 2130 235 2196 word
247 2132 356 2188 modum
373 2147 425 2204 ego
442 2129 506 2187 olim
525 2138 553 2186 et
567 2146 656 2205 nuper
668 2129 825 2187 Gerlacbius
840 2130 979 2194 edidimus,
998 2149 1058 2188 com
1074 2140 1250 2206 optumorom

140 2222 242 2289 librorum
261 2234 398 2308 scriptura
421 2233 465 2293 sit.
489 2232 555 2306 quin
579 2231 606 2287 in
630 2240 732 2288 textum
754 2232 940 2307 recipiundum
960 2233 1012 2296 sit,
1035 2250 1069 2291 eo
1091 2233 1179 2291 minus
1201 2235 1250 2291 du·

140 2324 201 2386 litari
214 2344 308 2408 potest.
332 2335 405 2409 quod
428 2333 573 2391 Sallustius
590 2351 737 2408 numquam
753 2334 984 2409 praepositionem
1005 2335 1077 2391 inter
1095 2335 1250 2408 genetivum

139 2437 162 2484 0¹
183 2433 365 2494 substantivum
391 2437 499 2510 posuit,
526 2435 579 2493 nisi
605 2437 633 2493 in
660 2436 789 2493 membris
813 2436 932 2493 relativis
960 2436 1033 2511 (lug.
1056 2443 1087 2500 4.
1109 2444 1134 2496 2
1157 2445 1200 2502 28,
1223 2445 1248 2498 4.

139 2535 208 2594 M
230 2537 271 2594 Fr.
293 2539 303 2595 Ι
330 2539 387 2612 10),
418 2539 445 2594 id
464 2537 538 2612 quod
558 2538 640 2595 etiam
662 2538 718 2612 lug.
746 2544 792 2600 14,
813 2546 825 2596 l
853 2540 882 2594 in
904 2540 996 2595 locum
1024 2557 1056 2596 ex
1084 2539 1249 2614 glossemate

140 2641 209 2692 utun
225 2656 254 2696 ae
274 2658 363 2697 veram
386 2639 497 2700 cesebi
526 2638 688 2714 scripturam
714 2641 776 2698 loco
805 2649 914 2714 praeter
936 2639 987 2697 alia
1008 2650 1168 2715 argumenta
1191 2642 1248 2718 pla·

140 2739 267 2798 tentarit.
308 2743 363 2799 lam
391 2741 464 2815 quod
495 2741 523 2797 in
549 2740 688 2799 nonnullis
714 2750 796 2816 atque
825 2742 892 2799 adeo
917 2743 1032 2799 vetustis
1053 2744 1192 2801 codicibus
1213 2747 1249 2802 de

140 2845 175 2892 ²⁰¹
191 2839 240 2900 loco
258 2863 308 2901 suo
332 2852 435 2901 motum
461 2851 509 2900 aut
532 2843 662 2900 omissum
684 2851 742 2905 est,
773 2844 805 2900 ad
833 2861 891 2900 eam
918 2839 1101 2919 suspicionem
1129 2847 1247 2917 adducit,

139 2936 245 3007 glossetm
260 2947 286 3001 in
305 2946 386 3002 verln
409 2945 553 3019 scriptoris
576 2944 688 3002 inlatum
702 2947 761 3003 eius
777 2945 927 3022 expellendi
945 2965 1066 3005 caussam
1081 2948 1248 3023 praebuisse,

138 3047 222 3101 ‘lton
244 3050 318 3105 elom
345 3049 372 3104 in
402 3047 522 3122 optumis
548 3045 626 3104 libris
648 3046 689 3104 vel
710 3049 781 3104 desit
802 3047 843 3104 vel
863 3049 1097 3124 suprascriptum
1116 3051 1160 3114 sit,
1185 3052 1249 3125 quid

138 3145 232 3213 tpertius
256 3168 337 3224 quam
363 3151 390 3207 id
418 3167 450 3206 en
474 3148 536 3205 loco
558 3157 606 3211 45,
630 3158 647 3212 9
675 3168 689 3205 a
715 3149 870 3223 glossatore
897 3150 951 3208 huc
981 3151 1142 3209 translatum
1171 3155 1249 3212 csse?

137 3238 181 3298 tto
194 3246 256 3307 torte
278 3252 432 3309 necessario
447 3252 653 3325 exprimnndum
671 3252 756 3309 fuisse
774 3253 876 3315 credis.
901 3270 962 3310 eum
986 3254 1031 3328 qui
1054 3254 1181 3311 iudicium
1207 3256 1249 3312 iu·

137 3342 210 3413 lifflb
224 3352 247 3408 id
266 3352 336 3410 clam
358 3354 462 3410 iecisse.

202 3451 362 3512 ilillicilluma
379 3455 459 3512 rerba
481 3464 545 3512 sunt
559 3454 616 3529 lug.
632 3462 666 3517 69
681 3464 749 3512 extr.
774 3456 908 3513 Ponamus
929 3457 1046 3531 primum
1061 3466 1135 3515 recte
1156 3460 1248 3523 scribi,

137 3551 193 3620 duod
215 3549 242 3610 1³¹
272 3557 359 3633 prima
382 3575 462 3614 manu
487 3575 550 3614 cum
575 3558 749 3632 paucioribus
777 3558 855 3615 libris
881 3559 990 3615 exbibet
1017 3560 1144 3634 quodque
1167 3561 1249 3636 volgo

135 3649 214 3713 ditem
235 3668 285 3721 est.
306 3678 374 3716 nom
396 3663 420 3716 is
441 3661 511 3716 civis
533 3676 572 3715 ex
588 3660 670 3716 latio
685 3666 765 3721 erat,-
786 3662 841 3718 duo
858 3671 915 3718 tum
934 3662 1086 3735 quaerenda
1108 3672 1179 3726 sunt,
1201 3664 1248 3738 qui

133 3763 191 3811 nco
207 3758 307 3817 dicatur
327 3764 398 3819 civis
419 3778 459 3817 ex
480 3762 563 3819 lotio
589 3772 616 3819 et
644 3780 699 3837 quo
719 3763 800 3820 modo
828 3781 859 3820 ea
882 3782 926 3821 res
952 3763 985 3819 nd
1010 3764 1176 3822 inlustranda
1205 3766 1248 3824 vel

132 3856 289 3920 mmmm
312 3882 474 3940 praegressa
497 3865 659 3938 pertineant.
705 3865 779 3922 Ceeis
806 3866 890 3939 igitur
919 3882 959 3922 ex
979 3867 1062 3923 lotio
1091 3868 1137 3923 ubi
1160 3868 1249 3926 dictus

130 3955 211 4034 tlttois
225 3975 304 4029 esset,
327 3983 462 4023 nemone
483 3965 570 4023 ullum
591 3967 701 4041 quidem
722 3976 843 4024 veterum
865 3969 1029 4043 scriptorum
1046 3968 1136 4026 locum
1158 3980 1250 4028 osten·

128 4057 166 4124 lit
184 4073 209 4121 at
229 4069 306 4142 pauci
327 4086 392 4125 uum
414 4077 487 4125 recte
509 4069 561 4124 dici
585 4077 679 4143 posset
700 4069 865 4127 dubitavero.
910 4070 1123 4128 Actttebuhrtus
1141 4074 1249 4147 quidem

131 4160 246 4225 llllom.
269 4171 342 4232 1175
367 4168 538 4231 Sallustium,
567 4177 636 4226 toste
659 4170 748 4228 Gellio
768 4172 790 4228 X
810 4179 852 4235 20.
871 4183 901 4233 to
920 4173 1120 4247 proprietatum
1143 4175 1169 4230 in
1191 4192 1249 4231 rer·

122 4263 157 4324 tls
178 4269 441 4335 retinentissimum,
469 4290 529 4329 eam
551 4271 717 4330 locutionem
740 4273 890 4330 obsoletam
918 4293 950 4330 ex
973 4275 1064 4351 prisca
1086 4277 1248 4351 antiquitate
1305 4276 1310 4290 '

117 4372 264 4447 repetivisse
295 4375 411 4432 censuit.
458 4373 534 4443 Quod
565 4376 647 4435 credo
681 4377 722 4432 vir
756 4376 801 4433 ille
839 4375 991 4433 inmortalis
1020 4379 1165 4437 memoriae
1195 4398 1250 4437 non

176 4486 313 4541 Senaner.
332 4505 379 4542 sn.
398 4490 536 4541 Drsascn.
1025 4471 1045 4534 6
