2768 5010
184 365 244 428 126
524 382 827 429 eonunurnrrouuu
852 384 923 428 555.
946 383 976 428 v.

180 538 275 595 Nonne
288 537 461 602 Sallustium,
485 540 532 614 qui
546 540 603 614 ipse
624 539 753 597 advorsus
769 540 896 598 Numidas
909 540 1010 598 bellum
1029 549 1168 614 gesserat,
1191 540 1217 596 id
1241 541 1323 597 etiam

180 650 276 719 555155
298 642 457 715 cognouisse
477 642 587 698 55551551

265 746 322 818 lug.
345 750 387 806 15,
410 753 421 802 1
445 762 505 800 curm
528 763 579 819 pro
601 744 768 822 planissume
795 747 844 801 ubi
868 745 947 802 multi
968 745 1032 802 libri
1051 748 1147 818 ibique
1169 746 1321 809 exhibeant.

119 824 141 849 ⁶¹
180 849 207 904 15
229 849 249 905 P
271 858 298 903 et
319 839 352 902 P¹
376 854 466 902 autem
488 847 615 922 primitus
639 849 742 920 ubique
764 847 855 908 luerit.
880 849 932 904 boo
953 848 1126 905 scribendum
1147 866 1217 911 esse,
1240 868 1323 906 urem-

179 951 258 1007 brum
278 949 419 1005 relativum
441 950 603 1024 praedicatis
626 950 659 1006 551
682 953 817 1022 oppidum
839 950 973 1007 adiunctis
987 951 1047 1007 addi
1071 953 1252 1008 manufestum
1270 961 1321 1008 est.

264 1053 320 1125 lug.
343 1058 428 1114 822
453 1053 710 1109 vetustissumorum
738 1061 766 1109 et
795 1062 970 1128 optumorum
999 1053 1131 1109 librorum
1158 1054 1321 1128 scripturam

178 1154 290 1231 probavi
312 1169 405 1226 supro
426 1156 528 1211 bonum
548 1162 599 1210 out
619 1156 783 1223 honestum,
808 1174 870 1213 cum
895 1155 990 1212 relicui
1012 1132 1111 1211 omnes¹
1128 1161 1214 1227 atquc
1234 1158 1321 1212 bone·

177 1265 251 1314 stum
274 1256 459 1314 retinuissent.
503 1256 669 1314 Iamdudum
692 1259 763 1315 enirn
784 1257 950 1314 intellectum
971 1264 1022 1319 est,
1044 1259 1146 1314 bonum
1162 1256 1244 1314 latius
1259 1278 1322 1332 spe·

178 1369 252 1416 ctare
275 1369 302 1416 et
324 1358 433 1433 gravius
455 1376 523 1422 esse,
547 1360 799 1434 immitescentium,
823 1359 889 1415 illud
911 1359 984 1433 quod
1004 1374 1055 1432 per
1075 1377 1105 1416 55
1126 1368 1230 1416 rectum
1248 1371 1321 1417 esset

178 1461 340 1537 siguificare,
362 1461 414 1516 boe
438 1461 510 1535 quod
532 1463 648 1518 deceret.
693 1461 766 1535 Ergo
786 1463 906 1537 scriptor
924 1460 1039 1518 alterum
1055 1462 1093 1518 ita
1109 1462 1257 1535 5511555555
1274 1463 1321 1518 ‹le-

178 1565 267 1627 bebat,
289 1573 320 1618 ut
341 1563 417 1638 prius
434 1564 510 1637 quiesi
534 1564 691 1636 conrigeret
712 1582 746 1620 eo
769 1563 900 1627 subiecto,
925 1565 996 1638 quoti
1019 1564 1109 1621 minus
1132 1565 1255 1639 quidem,
1278 1573 1320 1621 551

178 1664 285 1723 51111551
309 1665 516 1739 inprobaretur.
543 1675 617 1722 certe
639 1666 783 1723 tenemium
806 1674 893 1728 esset,
922 1666 949 1722 in
977 1684 1030 1741 qua
1051 1665 1234 1723 membrorum
1254 1683 1320 1722 eon-

178 1767 316 1824 iunetiune
345 1773 396 1823 out
421 1766 510 1823 locum
537 1767 636 1824 babere
660 1768 768 1825 ostendi
797 1767 862 1824 olim
889 1768 922 1823 ad
945 1767 1001 1824 Cat.
1024 1774 1072 1831 26,
1092 1774 1109 1826 2
1132 1787 1159 1843 p.
1182 1776 1236 1830 99:
1264 1769 1319 1824 tm.
1378 1846 1382 1852 Ι

176 1870 260 1926 115551.
284 1867 393 1925 15551
414 1886 441 1943 p.
464 1876 524 1929 540.
569 1869 700 1927 Similiter
720 1878 763 1934 85,
787 1877 820 1932 13
837 1888 871 1926 er
893 1870 1012 1946 optumis
1033 1868 1319 1929 1115155551111515555

178 1973 267 2047 recepi
290 1972 424 2044 55551111
445 1959 618 2028 5551155551
640 1974 734 2045 155555
755 1976 853 2034 solent,
875 1971 921 2028 ubi
941 1979 969 2028 ct
986 1975 1080 2045 tepere
1100 1971 1184 2028 reteri
1200 1990 1319 2046 555555-

176 2075 282 2131 155555.
325 2073 430 2130 Etenim
450 2074 552 2130 rectius
579 2074 678 2130 llarius
706 2075 796 2132 elicere
823 2073 964 2131 uidebatur
992 2073 1044 2130 5115
1073 2072 1135 2129 11155
1154 2072 1247 2147 legere
1266 2073 1318 2130 5115

116 2236 120 2245 ,
176 2178 351 2240 5551155555
372 2176 463 2232 eadem
485 2185 513 2232 et
534 2177 627 2233 audire
649 2185 677 2235 et
699 2177 799 2250 legere.
964 2202 981 2253 ¹2·
1053 2226 1075 2245 ,.

261 2281 289 2336 15
310 2279 403 2335 eadem
423 2277 453 2333 G.
475 2277 540 2333 illari
562 2278 685 2335 oratione
708 2277 838 2335 nonnulla
859 2295 891 2335 ex
908 2190 1216 2355 Vatffissbnemlanda
1231 2279 1317 2335 15555.

175 2382 270 2438 Levius
296 2388 338 2437 est
360 2387 393 2440 12
422 2385 449 2435 51
477 2387 542 2436 acto
565 2383 706 2437 oratiorum
733 2389 760 2437 51
783 2381 961 2438 Graecorum
988 2381 1126 2437 militaria
1144 2388 1316 2453 praecepto,

176 2484 304 2559 quoniam
325 2491 416 2538 utrum
440 2481 492 2537 boc
514 2482 615 2555 probes
644 2500 677 2538 55
707 2501 768 2540 eum
789 2482 899 2540 55115515
919 2481 1012 2546 libris,
1040 2500 1071 2538 eu
1099 2483 1198 2557 quibus
1227 2489 1316 2538 155555

175 2583 300 2642 nonnulli
318 2583 501 2640 uetustissumi
521 2583 556 2639 551
580 2582 609 2644 bl
632 2585 772 2647 adectluut,
794 2585 869 2659 prius
891 2592 919 2641 51
942 2585 1121 2641 omittendum
1141 2601 1260 2647 censeas,
1284 2602 1316 2640 en
1365 2654 1378 2670 x

174 2689 295 2744 coelicum
314 2687 510 2743 aestumatione
530 2686 630 2761 pendet
652 2685 901 2762 (5151555586).
945 2688 1041 2744 Possit
1060 2694 1150 2743 autem
1173 2693 1206 2748 15
1226 2704 1317 2761 gram·

174 2789 297 2845 moticam
320 2788 344 2843 si
369 2805 424 2844 555
448 2788 583 2862 llagitaro,
611 2798 638 2845 51
666 2790 768 2846 5551155
791 2790 892 2846 dictum
915 2790 1059 2845 ostendere
1082 2788 1128 2863 qui
1152 2789 1210 2845 eius
1234 2789 1315 2862 periti

174 2901 237 2947 sunt
261 2890 419 2947 concedent.
463 2890 568 2947 Diutius
589 2891 721 2955 dubitavi,
745 2910 809 2949 num
832 2893 1046 2952 5451515555
1067 2890 1101 2953 51,
1124 2890 1197 2963 quod
1219 2889 1316 2947 relicui
1375 2942 1380 2957 ,

175 3011 267 3050 omnes
291 2992 353 3048 libri
375 3001 494 3053 tuentur,
518 2994 695 3050 obiectaretur
716 2994 926 3069 praeferendum
947 3000 1029 3056 55551,
1055 2998 1105 3055 551,
1132 3009 1193 3048 oum
1213 3009 1316 3065 cogno·

173 3096 269 3152 vissem
299 3096 379 3151 ctiam
408 3093 467 3150 51115
495 3095 562 3152 15515
590 3095 670 3152 rerba
699 3097 825 3170 graviora
849 3114 863 3151 5
894 3095 1077 3168 grammaticis
1104 3094 1230 3150 restituta
1254 3112 1315 3151 5555

173 3197 232 3271 (515.
255 3197 311 3269 lug.
336 3202 376 3259 16,
398 3196 433 3270 3),
456 3198 537 3254 etism
559 3199 586 3254 iu
608 3198 657 3254 bae
677 3215 706 3253 re
723 3205 835 3272 optumo
854 3196 925 3253 libro
945 3197 1105 3272 obsequium
1123 3197 1314 3272 praestandum

172 3300 243 3355 elusi.
282 3301 376 3360 53115
398 3314 429 3355 se
450 3301 618 3356 5551555551
635 3299 766 3373 singulari
787 3299 1080 3373 anteponeurlurnesse
1096 3298 1174 3355 155115
1193 3299 1315 3373 adparet.

115 3390 117 3394 ¹
172 3402 300 3476 quoniam
322 3400 421 3475 plurali
444 3401 612 3476 exprimitur,
642 3419 732 3457 rerum
756 3410 878 3457 naturam
897 3411 925 3458 et
941 3403 1062 3459 ordinem
1085 3403 1122 3457 ita
1142 3401 1223 3457 15555.
1268 3402 1316 3457 Set

171 3505 297 3561 amlncius
320 3505 416 3561 1551555
438 3504 556 3567 uiilebor¹
574 3521 635 3560 eum
658 3503 739 3578 55515
763 3511 826 3578 5551
846 3506 928 3561 coires
942 3507 988 3560 rei
1004 3520 1055 3578 555
1073 3505 1198 3576 inopiam
1215 3501 1316 3573 fateor

172 3605 277 3680 5551551,
301 3623 352 3662 neo
376 3606 448 3681 qumi
470 3606 498 3661 in
517 3600 549 3662 P¹
575 3609 691 3663 cuiusce
713 3624 795 3681 supra
810 3606 913 3683 scripto
935 3607 954 3663 b
975 3605 1078 3680 legitur
1103 3606 1230 3662 idoneum
1254 3604 1315 3660 eius

171 3708 334 3781 suspicionis
364 3709 560 3765 munimentum
585 3725 645 3765 esse
673 3707 841 3780 clamabitur.
885 3708 978 3783 licque
1006 3707 1164 3781 ignorabam
1191 3707 1254 3763 bier
1279 3706 1314 3762 ab

171 3808 301 3865 Sallustio
328 3812 361 3867 ‹lc
388 3811 428 3867 eis
459 3810 540 3867 rebus
568 3811 670 3867 dictum
689 3826 763 3873 esse.
789 3810 822 3866 de
846 3809 945 3884 quibus
966 3817 1025 3866 tum
1047 3810 1105 3884 agit
1133 3808 1206 3883 (1151.
1229 3814 1313 3871 11,5

170 3911 289 3968 huiusce
310 3914 412 3969 5555111
432 3913 449 3966 i.
468 3930 490 3969 e.
513 3912 663 3986 51555515.
686 3911 704 3966 l.
726 3911 821 3969 dicam.
859 3911 916 3985 lug.
939 3920 981 3975 80,
1006 3917 1023 3971 4
1044 3913 1163 3968 buiusce
1177 3911 1243 3967 belii
1257 3909 1275 3965 i.
1288 3926 1312 3965 e.

171 4014 244 4086 tpmd
266 4013 316 4069 boc
339 4014 409 4070 libro
432 4014 547 4087 scribo).
577 4024 618 4071 set
640 4013 735 4087 utique
754 4013 819 4069 mihi
842 4013 940 4070 mirum
964 4012 1106 4071 videbatur
1127 4030 1182 4086 quo
1204 4012 1313 4068 tmrdem

169 4117 251 4172 555515
269 4114 396 4171 librarius
417 4117 450 4172 ab
471 4119 589 4173 buiusce
609 4117 641 4173 551
664 4118 779 4172 cuiusce
801 4116 929 4174 aberrare
951 4117 1087 4190 potuerit,
1107 4113 1160 4170 nisi
1181 4116 1265 4171 cuius
1285 4114 1313 4168 iu

169 4218 287 4273 buirtsee
313 4227 471 4275 ooureetum
499 4217 624 4291 legisset,
651 4226 679 4274 et
706 4218 778 4292 quot
805 4220 888 4276 ouius
908 4219 953 4274 rei
980 4235 1035 4274 555
1059 4226 1113 4274 tam
1136 4216 1169 4272 ml
1189 4217 1313 4288 51551555

169 4323 309 4375 maiorum
331 4320 757 4395 55555551555555555551155555
780 4337 875 4376 eorum
898 4319 1030 4376 tactorum
1051 4317 1312 4379 1551155555155155,

168 4419 296 4477 librarios
323 4431 353 4478 ut
380 4423 684 4487 151555555511155551,
711 4423 828 4480 movisse
857 4421 923 4478 mibi
944 4420 1148 4497 persuadebam.
1189 4420 1257 4476 'lum
1278 4425 1315 4480 16
