2768 5010
410 404 632 446 rusroarsnvu
655 404 717 445 nie.
741 403 776 443 nt
801 391 932 448 te-te.
1198 380 1237 442 75

101 560 169 605 tera.
201 555 279 617 Sere.
292 556 320 604 iu
333 555 434 605 Donat.
453 571 478 619 p.
495 553 557 604 1811
571 556 601 604 Ρ.
632 556 672 604 Ae
688 571 741 603 crim
753 553 886 604 Sallustius
904 555 965 603 dicit
982 567 1058 603 mare
1075 577 1110 588 -
1126 555 1240 602 caetera

102 650 133 657 -
152 628 338 687 corupurutiuus
361 642 411 673 riou
433 627 512 672 solium
534 625 718 687 comparativus
737 639 786 672 non
803 629 855 683 est,
878 624 926 671 sed
947 638 993 671 nec
1010 621 1138 684 positivus.
1176 620 1240 668 Nara

100 708 170 740 1111111
189 709 237 741 reon
255 694 327 741 11101111
346 694 442 741 rlrrlcius
461 709 508 741 reon
528 698 577 747 est,
596 693 645 740 scd
656 708 701 740 uec
713 692 785 739 tlrtlce
798 691 904 754 quidem.
935 686 1240 738 Macrob.Sat.vl112

102 777 127 824 p.
147 760 196 808 257
216 759 257 808 ed.
272 760 332 823 Bip.
352 766 377 808 et
394 766 472 808 totam
489 761 647 822 superficiem
664 764 717 807 eius
735 756 839 819 (Ponti)
857 757 976 820 infectam
988 772 1043 806 esse
1056 756 1238 820 duleiltpuore,

99 834 208 891 practer
226 829 293 893 quod
310 830 346 875 ait
364 828 497 877 Sallustius
515 842 590 876 mare
609 854 641 862 -
660 832 766 885 cetera,
792 832 830 874 est
849 825 896 876 hoc
913 841 1010 891 quoquae
1028 826 1167 874 testimonio
1186 827 1239 873 cet.

188 963 252 1025 *lii
276 962 343 1043 [tir.
357 971 400 1021 13.
433 966 462 1021 G.
477 961 538 1042 st].
590 962 682 1039 lgitur
707 964 852 1022 introrsus
880 962 974 1040 prima
1001 961 1085 1022 Asiae
1106 957 1238 1039 Bithynia

103 1071 161 1134 est,
184 1064 282 1125 multis
304 1072 388 1125 antea
412 1065 579 1125 uouiiuihns
601 1062 754 1142 adpellata.

191 1184 266 1233 Serv.
287 1183 321 1233 ad
338 1183 422 1247 Verg.
442 1183 473 1231 A.
492 1182 516 1231 V
533 1182 597 1232 373:
623 1182 753 1244 Bebrycia
776 1189 857 1231 mrtem
881 1185 939 1244 ipsa
959 1187 997 1230 est
1015 1181 1147 1245 Bithynia.
1184 1178 1240 1228 Sal·

104 1255 203 1301 tristius:
217 1252 346 1316 igitur-
360 1251 511 1316 appellata.
542 1251 732 1315 Ipsaentruest
746 1250 996 1313 etrnuiorl'lcrppia.
1027 1246 1258 1311 1114than

104 1323 218 1375 interior,
236 1322 390 1369 sinisterior.
410 1346 438 1353 —
460 1320 607 1369 Sallustius:
626 1319 711 1383 igitur
729 1319 861 1368 introrsus
880 1318 967 1380 prima
986 1316 1020 1382 [V
1031 1314 1138 1381 prunae]
1157 1316 1241 1365 Asiae

105 1387 235 1449 Bithynia
253 1392 304 1435 est.
344 1386 401 1436 etr.
420 1387 485 1435 Isid.
505 1386 551 1435 Or.
570 1387 634 1435 xlv
652 1385 675 1444 3,
695 1384 728 1435 39
746 1401 771 1450 p.
790 1383 853 1434 439:
872 1386 960 1434 Prima
978 1387 1058 1434 Asiae
1076 1387 1179 1434 intineris
1196 1383 1242 1432 Bi·

53 1460 64 1477 ⁸
104 1456 192 1518 thyrsis
214 1457 239 1502 iu
257 1456 335 1504 Ponti
356 1456 467 1505 exordio
489 1455 525 1503 ad
539 1462 639 1518 partem
661 1455 858 1507 succurrentis,
883 1455 993 1502 uetuerso
1020 1453 1143 1502 Thraciae
1166 1454 1240 1507 iacet,

103 1525 184 1572 11111111
202 1530 279 1572 ansteo
296 1522 433 1572 nouiinibus
450 1525 589 1585 appellata.
621 1523 685 1570 Num
702 1528 773 1585 prius
785 1521 916 1583 Bebrycia
930 1523 1006 1578 elicta,
1025 1522 1118 1570 deirrde
1133 1520 1242 1583 Myndo·

104 1592 154 1648 nia,
173 1607 232 1640 uror
250 1607 266 1638 u
284 1590 396 1654 Bithyno
420 1606 480 1653 repe
499 1589 623 1652 Bithynia
646 1596 798 1652 nurseupata.
835 1589 899 1652 Ipsa
922 1595 960 1636 est
978 1595 1003 1638 et
1021 1592 1101 1637 suntor
1119 1588 1241 1650 I’ltrppia.

104 1658 195 1708 Verba
218 1661 276 1721 ipsa
299 1661 363 1707 euim
385 1683 418 1692 *-
442 1658 556 1721 l’lrrppiu
579 1673 672 1707 omnes
695 1657 813 1706 editores
836 1673 885 1720 pro
909 1655 1087 1706 Sallustiauis
1109 1655 1241 1714 habuere,

105 1740 173 1774 unus
193 1725 267 1774 Gerl.
286 1733 310 1774 et
329 1723 448 1775 sustulit.
486 1727 534 1773 Set
552 1725 634 1787 quid?
657 1724 816 1773 Sallustium
842 1724 883 1773 sie
905 1725 963 1786 ipsu
985 1724 1089 1773 dixisse
1111 1721 1242 1773 credibile

105 1794 165 1842 est?
200 1792 317 1842 Crediue
336 1799 440 1857 potest,
467 1807 527 1841 eum
546 1808 606 1841 curm
624 1792 741 1841 dixisset
764 1796 849 1840 aritea
866 1791 1024 1854 Bithyniam
1048 1789 1139 1840 miultis
1157 1789 1242 1840 nomi·

104 1861 155 1910 bus
168 1860 336 1926 adpellatam
350 1861 445 1921 fuisse,
459 1861 499 1909 sic
513 1866 699 1924 perrecturum
713 1859 807 1912 tuisse.
826 1874 880 1908 non
898 1859 991 1922 potius
1008 1864 1039 1907 ut
1050 1858 1170 1908 Isidorus
1183 1872 1242 1923 par·

106 1929 194 1977 rexit?
229 1929 357 1979 Profecto
382 1929 590 1993 grurnmat-icum
614 1927 663 1976 illa
687 1926 774 1987 olent,
799 1942 853 1975 non
877 1926 1037 1989 scriptorem
1060 1924 1241 1990 praeclarum.

105 1997 172 2045 Cum
190 2012 256 2046 vero
275 1997 396 2045 Kritzius
409 1995 567 2045 Sallustium
586 1995 758 2045 contenderit
779 1994 859 2042 huius
878 1994 1026 2058 fragmenti
1044 1993 1137 2043 verbis
1155 1993 1243 2056 ipsam

24 2093 32 2103 ι
105 2065 186 2113 Ponti
204 2064 416 2129 descriptionem
436 2079 560 2112 exorsum
579 2078 639 2112 esse
658 2062 737 2126 idque
758 2066 785 2111 ot
799 2063 883 2124 priua
896 2062 975 2111 Asiae
995 2066 1023 2111 et
1040 2063 1117 2125 ipitrrr
1133 2060 1243 2118 docere,

106 2133 128 2180 si
147 2136 281 2181 terrarum
300 2132 416 2180 Pontum
436 2130 621 2181 adiacentium
644 2129 771 2187 dixisset,
792 2129 979 2179 concederem.
1015 2129 1086 2178 Nam
1105 2133 1190 2178 antea
1208 2127 1243 2177 de

105 2199 220 2249 Pontico
239 2201 308 2249 mari
327 2199 429 2248 dictum
449 2199 535 2248 tuisse
555 2214 588 2247 cx
606 2200 731 2247 introrsus
749 2196 923 2262 perspicuum
941 2197 1007 2246 mihi
1025 2197 1141 2246 videtur.

191 2326 256 2392 *tt
278 2333 395 2414 [11144.
420 2339 448 2392 G.
469 2333 526 2414 17].
571 2333 680 2411 Porph.
700 2333 736 2393 ad
755 2332 825 2393 Hor.
853 2331 907 2393 Od.
931 2331 943 2391 1
967 2333 1015 2401 17,
1033 2333 1070 2393 18
1087 2351 1115 2411 p.
1135 2329 1176 2391 84
1196 2331 1241 2392 ed.

107 2435 211 2515 Pauly:
234 2436 389 2497 Anacreon
407 2439 519 2512 lyricus
529 2441 620 2512 pocta
639 2437 714 2495 teitus
725 2434 804 2514 fuit,
828 2437 848 2495 i.
864 2454 889 2496 e.
904 2436 942 2495 ut
958 2435 1032 2495 urbe
1050 2434 1132 2511 Teio,
1154 2450 1244 2510 quam

105 2543 135 2597 iu
151 2539 361 2614 Prrphluponin
383 2556 446 2598 csse
460 2540 618 2598 Sallustius
635 2538 750 2598 indicet
763 2554 829 2597 curn
849 2539 886 2598 cle
899 2539 956 2598 situ
973 2539 1093 2614 pontico
1106 2539 1244 2614 lonicum.

191 2686 255 2750 *18
275 2690 333 2770 [tir.
356 2697 398 2747 15.
422 2694 450 2746 G.
466 2688 524 2770 15].
566 2689 756 2750 Proxumum.

190 2809 258 2857 Non.
278 2826 303 2873 p.
323 2807 386 2856 358:
411 2810 557 2858 Frontinum
575 2808 693 2857 dicebant
715 2814 814 2858 ueteres
833 2825 881 2858 non
899 2813 977 2860 solum
995 2810 1139 2859 adhaerens
1156 2815 1182 2858 et
1199 2811 1244 2859 ad·

106 2878 225 2929 irrrictum,
250 2893 345 2925 uer-mu.
356 2880 429 2924 etiam
447 2880 519 2939 torpe
537 2883 671 2936 remotum,
694 2879 718 2925 si
736 2882 819 2926 tamen
837 2882 904 2926 inter
922 2880 971 2927 diro
989 2879 1103 2926 Secreta
1120 2879 1181 2927 nihil
1196 2893 1245 2927 me-

106 2947 171 2993 dium
189 2946 323 2993 astitisset.
348 2970 380 2978 -
405 2945 449 2992 Itu
472 2951 497 2992 ct
515 2944 649 2993 Sallustius
667 2948 691 2992 in
708 2949 758 2992 situ
778 2945 854 2994 Ponti
870 2947 902 2994 dc
918 2947 1109 3009 promunturiis,
1135 2946 1245 3008 Paphla·

104 3029 194 3074 ‘purnium
212 3019 236 3060 ct
256 3014 323 3076 qrnrrd
339 3016 391 3059 triu
403 3018 520 3074 rrietupon
533 3013 681 3074 appellarit.
700 3017 792 3075 posuit.
822 3012 944 3077 Adparet
963 3012 998 3061 ab
1012 3012 1142 3061 Sallustio
1154 3010 1246 3075 Κριοῦ

106 3074 244 3142 μέτωπον,
264 3080 334 3143 ‹pmd
354 3080 442 3127 estin
461 3079 651 3128 Chersonneso
670 3080 799 3141 Taruriea,
820 3085 848 3128 et
861 3079 1013 3138 Carambis,
1032 3081 1244 3143 promontorium

108 3147 314 3211 Paphlagoniae
334 3146 419 3195 solum
439 3147 562 3195 eminens
580 3147 690 3210 (Strabo
709 3147 736 3196 11
753 3164 779 3213 p.
795 3144 961 3205 1681111111,
979 3162 1111 3212 proxuma
1130 3148 1203 3197 inter
1214 3164 1243 3197 se

107 3215 181 3263 dicta
200 3230 268 3263 csse.
304 3215 373 3263 Nam
391 3229 438 3262 cur
456 3215 488 3262 de
508 3230 592 3279 proruo
610 3219 638 3263 et
656 3214 744 3264 minus
762 3219 826 3265 noto
844 3216 1042 3280 promontorio,
1062 3214 1132 3278 quod
1151 3215 1245 3277 Syrias

107 3281 275 3346 adpellatum
288 3286 338 3340 cist,
359 3282 520 3345 cogitemus,
538 3283 610 3331 Noni
624 3282 709 3332 verba
723 3284 858 3333 nonsatis
871 3298 986 3332 caussae
1000 3282 1147 3348 praebent,
1167 3284 1245 3333 modo

107 3355 168 3413 post
183 3352 364 3413 prormmtmiis
383 3366 489 3399 conrma
507 3365 647 3414 leceramus.
679 3349 792 3399 Scilicet
810 3351 834 3400 is
852 3350 966 3415 pluralis
984 3350 1036 3399 <liro
1052 3350 1243 3415 conplectitur,

108 3416 221 3465 alterum
242 3417 386 3466 (luramhis
404 3417 449 3465 vel
468 3417 685 3482 Paphlagonum,
705 3415 820 3466 alterum
840 3418 909 3482 qriod
928 3418 987 3466 criu
1004 3423 1132 3482 metopon
1151 3418 1177 3467 S.
1198 3434 1244 3483 ap·

108 3485 231 3547 pelluvit.
268 3486 439 3549 (aerumpnam
460 3491 549 3534 aretem
572 3485 667 3548 negari
686 3500 738 3533 non
757 3490 862 3548 potest,
887 3484 1046 3535 Sallustium
1069 3485 1135 3534 illud
1154 3485 1245 3535 dicere

107 3552 227 3614 potuisse
248 3553 274 3600 in
293 3552 501 3617 Paphlagoniae
520 3553 719 3617 descriptione,
744 3558 836 3601 tamen
858 3552 924 3603 mihi
949 3552 1058 3618 quiidem
1081 3552 1165 3603 multo
1188 3552 1247 3603 veri

107 3619 221 3668 similius
239 3620 355 3678 uidetur,
377 3636 437 3669 cum
457 3620 488 3669 dc
507 3620 560 3668 hnc
579 3636 607 3668 re.
628 3619 723 3668 eadem
741 3621 849 3669 ratione
868 3620 1011 3685 scripsisse
1031 3635 1064 3669 ac
1083 3620 1245 3670 Strabonem

107 3685 123 3733 l.
144 3705 177 3747 c.,
198 3687 245 3803 ghi
263 3688 296 3735 dc
317 3689 404 3736 torum
424 3704 456 3736 ac
476 3686 564 3752 ligura
576 3687 684 3737 Pontici
703 3687 786 3738 maris
800 3689 910 3754 agebat,
931 3703 997 3753 ergo
1014 3687 1067 3737 hoc
1086 3688 1120 3738 ir.
1139 3687 1246 3753 pontii

106 3770 195 3818 pontin
217 3770 259 3802 um
279 3769 349 3803 csse.

191 3873 252 3932 *lh
277 3873 336 3952 [tir.
355 3882 396 3930 tu.
420 3879 449 3932 a.
470 3873 528 3952 31].
573 3872 644 3932 Dein
669 3876 763 3950 ctrnrpi
785 3872 993 3952 Therniseyrii‚
1017 3893 1092 3953 qrros
1114 3877 1246 3939 lraluiere

106 3975 277 4042 ,irrisiones
301 3995 315 4033 a
336 3975 425 4033 Taisiai
443 3976 573 4042 tlumiuc,
599 3976 743 4034 incertum
761 3992 849 4052 quiam
862 3974 900 4032 oli
920 3992 1063 4045 caussam,
1086 3977 1244 4054 diguissae.

190 4094 265 4140 Serv.
288 4093 321 4141 ad
340 4094 421 4154 Verg.
442 4093 509 4141 herr.
530 4092 568 4141 xt
586 4091 650 4141 tna:
680 4092 772 4141 Tanais
788 4093 876 4154 peneus
894 4099 944 4151 est,
968 4096 1012 4158 pui
1032 4103 1139 4160 separat
1159 4099 1246 4148 Asiam
1332 4097 1336 4104 ’

105 4158 136 4206 uh
157 4159 277 4222 liuropu.
301 4164 371 4210 circu
394 4178 464 4224 quem
488 4167 564 4209 uruca
583 4162 725 4209 Anruzones
745 4160 929 4209 dubitauerunt.
967 4162 1039 4212 [lude
1056 4179 1084 4212 sc
1102 4173 1195 4227 postea
1211 4171 1248 4217 art

111 4226 309 4281 Therrncdontu.
328 4230 425 4290 tlensium
449 4228 579 4279 Thraciae.
599 4233 792 4276 transtulerunt.
829 4227 903 4288 Quieti
922 4231 997 4278 etium
1015 4232 1150 4281 Sallustius
1168 4241 1247 4284 testa·

104 4300 146 4340 tur
164 4298 265 4343 diceris:
290 4297 360 4344 llein
385 4296 475 4360 campi
499 4295 622 4343 Threissi
646 4292 693 4359 [V.
717 4295 893 4358 Thenrr'scyrei.
923 4296 956 4345 n.
985 4297 1068 4348 Thrae
1091 4300 1246 4365 Treuicpret.

104 4361 168 4409 Vos.
193 4361 391 4423 threnum-ret>
412 4363 503 4412 (tiroli.
523 4364 536 4412 1
555 4364 739 4424 th'uisscprci.
765 4362 857 4412 (isselt.
877 4363 905 4412 11
928 4365 1021 4415 theraeo
1043 4367 1157 4434 scpreil,
1179 4385 1245 4435 qnos

104 4428 226 4478 habriere
250 4431 402 4480 rtrnanones
428 4458 457 4466 -
482 4430 634 4495 digressae.
676 4430 744 4480 Cam
767 4431 934 4483 adiectivmn
957 4448 1087 4500 maecum
1105 4430 1245 4505 8111111111-
